2661 3940
423 304 575 360 XXII
1235 302 1647 358 PRAEFATIO

424 472 749 531 Terentii
803 471 865 529 in
916 473 1156 531 Terenti
1203 472 1489 547 editione,
1541 491 1720 548 quam
1771 472 1840 531 A.
1880 472 1955 531 H.
1995 473 2350 533 Westerhov
2396 493 2450 532 a.

427 562 595 620 1726
630 559 1172 638 flagae—Comitum
1218 561 1458 636 prodire
1504 561 1692 621 iussit.
1771 562 2050 621 Continet
2096 565 2293 621 autem
2332 563 2456 621 Eu-

360 704 365 710 .
423 649 739 728 graphium
796 649 1118 710 voluminis
1173 650 1418 709 alterius
1468 669 1607 726 pars
1658 653 1915 711 secunda
1964 672 2020 728 p.
2065 653 2296 710 1—99.
2379 652 2455 710 In

420 737 791 815 praefatione
831 731 913 818 (p.
955 732 1036 820 X)
1074 740 1429 799 Westerhov
1478 740 1786 800 nobiscum
1830 741 1978 800 haec
2030 741 2451 800 communicat:

425 824 629 887 ‘incidi
675 828 740 887 in
786 828 1004 904 duplex
1042 829 1401 904 exemplum,
1447 829 1606 905 quod
1658 832 1933 888 servatur
1975 829 2038 887 in
2077 829 2458 889 Bibliotheca.

419 916 715 993 Leidensi,
743 918 1004 976 lacerum
1033 918 1307 993 alterum,
1337 920 1593 977 alterum
1611 914 1819 977 multis
1838 918 2111 995 partibus
2132 919 2456 996 integrius,

395 1005 571 1065 illud
632 1007 931 1082 quondam
982 1006 1066 1066 Js.
1111 1008 1338 1082 Vossii,
1398 1008 1511 1067 hoc
1559 1006 1838 1083 Dionysii
1896 1007 2132 1068 Petavii
2188 1003 2288 1087 [de
2338 1010 2457 1069 hoc

420 1095 821 1155 Westerhovii
849 1116 1045 1156 errore
1071 1117 1125 1155 v.
1149 1115 1329 1172 supra
1358 1096 1429 1155 de
1457 1096 1658 1156 codice
1685 1096 1848 1156 Leid.
1892 1094 1984 1173 V].
2049 1097 2122 1157 In
2157 1096 2264 1155 illo
2292 1098 2451 1176 lege·

421 1186 625 1246 batur:
683 1180 785 1245 Sci
820 1187 981 1244 Petri
1015 1185 1416 1245 BeluacensiS.
1498 1186 1570 1244 In
1616 1187 1793 1246 huius
1838 1187 2034 1246 fronte
2081 1186 2454 1262 adscriptum

421 1278 573 1335 erat:
621 1274 881 1347 Rufinus
917 1278 982 1333 in
1024 1274 1449 1335 Commentario
1487 1276 1558 1334 dc
1596 1277 1811 1335 Metris
1848 1276 2212 1335 Evanthium
2247 1275 2455 1336 Sacer·

420 1365 605 1423 dotem
639 1367 706 1423 in
737 1365 1069 1423 Terentium
1097 1367 1249 1424 citat.
1286 1363 1474 1423 Porro
1503 1369 1730 1424 autem:
1767 1363 1934 1424 Abho
1961 1366 2217 1424 Floriae.
2248 1364 2458 1424 Abbas

418 1457 485 1512 in
548 1453 835 1526 Epistolis
896 1456 1159 1513 meminit
1217 1454 1569 1527 Euqraphii.
1603 1501 1612 1512 .
1647 1500 1658 1512 .
1691 1500 1702 1512 .
1804 1455 2017 1513 Visum
2079 1454 2267 1532 igitur
2330 1455 2454 1513 fuit

419 1541 780 1618 faciundum,
810 1547 883 1600 ut-
920 1542 996 1601 ad
1029 1545 1351 1618 utrumque
1386 1543 1559 1602 illum
1590 1542 1867 1607 Codicem
1905 1547 1966 1602 et
2000 1544 2278 1620 vulgatas
2308 1543 2449 1602 Edi-

419 1631 612 1691 tiones
642 1625 1252 1710 [Lindenbrogianam
1281 1649 1358 1691 sc.
1390 1635 1450 1691 et
1476 1627 1853 1711 Leidensem]
1883 1634 2178 1710 exigerem
2206 1636 2267 1691 et
2296 1652 2455 1708 quae

421 1720 494 1778 ab
522 1721 615 1779 his
645 1720 909 1796 aberant,
932 1720 1070 1780 inde
1096 1720 1505 1780 describerem.
1530 1768 1540 1779 .
1567 1769 1576 1780 .
1601 1769 1612 1780 .
1654 1721 1818 1791 Quae
1847 1724 1974 1797 ipse
2002 1740 2451 1796 nonnumquam

420 1808 703 1884 adspersi,
753 1810 981 1870 leviora
1037 1814 1305 1870 sunt...
1361 1829 1560 1884 nemo,
1612 1829 1811 1886 spem,
1862 1810 2197 1884 mirabitur,
2250 1829 2320 1870 ea
2372 1811 2452 1869 ad

422 1918 575 1974 quae
641 1897 865 1957 diutius
931 1899 1346 1974 adhaerebam,
1417 1901 1648 1959 intacta
1715 1919 1750 1958 a
1813 1918 1906 1958 me
1970 1901 2153 1959 fuisse
2218 1899 2451 1959 relicta.

421 1987 621 2046 Sicubi
667 1992 868 2048 tamen
919 1989 1285 2063 Ciceronem,
1332 1989 1685 2066 Virgilium,
1741 1990 1891 2050 alios
1950 1989 2053 2048 abs
2101 1990 2453 2067 Eugraphio

419 2077 695 2136 laudatos
722 2077 1090 2154 reperiebam
1121 2123 1132 2135 .
1166 2125 1176 2135 .
1211 2124 1250 2152 ‚,
1278 2078 1413 2138 loca
1441 2078 1775 2152 subnotavi,
1804 2096 2023 2138 novam
2053 2081 2446 2138 accessionem

419 2167 716 2226 uncinulis
752 2163 1015 2227 inserui.⁹
1091 2167 1254 2226 Duos
1293 2168 1449 2242 illos,
1486 2167 1702 2243 quibus
1737 2187 1796 2227 se
1835 2187 2007 2227 usum
2037 2185 2161 2227 esse
2190 2170 2455 2227 testatur

420 2254 797 2330 Westerhov,
854 2256 1037 2315 libros
1083 2259 1521 2332 manuscriptos
1568 2256 1745 2316 facile
1796 2260 2170 2335 agnoscimus
2217 2258 2452 2317 codices

360 1704 399 1737 0

419 2343 733 2403 Leidenses
780 2346 838 2403 L
887 2350 946 2403 et
996 2346 1061 2418 V,
1119 2349 1298 2422 atque
1348 2366 1484 2405 cum
1529 2346 1704 2406 illum
1749 2348 1872 2404 iam
1917 2347 2296 2424 Lindenbrog
2344 2347 2450 2406 ad—

417 2433 704 2508 hibuerit,
743 2453 815 2492 ea
852 2453 1003 2510 quae
1042 2435 1103 2492 in
1142 2434 1402 2494 editione
1438 2435 1696 2512 Hagana
1734 2438 2105 2495 accesserunt
2141 2456 2211 2495 ex
2260 2436 2318 2494 V
2346 2436 2447 2495 de-

421 2526 661 2598 sumpta
698 2541 821 2583 esse
858 2525 1241 2583 manifestum
1279 2528 1383 2583 est.
1457 2524 1575 2588 Hic
1613 2543 1849 2600 quoque
1879 2522 2321 2602 Gerstenbergii
2355 2527 2451 2583 iu-

420 2611 641 2671 dicium
670 2611 878 2671 afferre
906 2613 1085 2672 liceat
1111 2612 1506 2673 iustissimum
1538 2607 1622 2693 (p.
1656 2615 1740 2672 20
1769 2605 1912 2694 sq.):
1953 2609 2456 2673 ‘Commentarios

421 2721 458 2758 a
494 2700 664 2759 Lind.
694 2703 1007 2761 etiamtum
1046 2701 1235 2761 editos
1271 2703 1361 2762 ita
1397 2704 1648 2777 recepit,
1696 2707 1765 2762 ut
1800 2703 1942 2762 solis
1979 2703 2055 2762 iis
2093 2702 2256 2777 locis,
2314 2705 2446 2777 qui-

419 2790 528 2848 bus
546 2789 717 2847 Lind.
734 2792 1009 2849 lacunam
1038 2793 1133 2850 vel
1155 2792 1338 2851 aliam
1358 2791 2187 2868 corruptelam‘adnotaverat‚
2217 2789 2453 2852 codices

416 2881 736 2955 inspiceret
766 2928 777 2939 .
811 2926 822 2936 .
855 2925 868 2937 .
906 2881 1119 2957 Itaque
1149 2880 1473 2939 editionem
1500 2879 1670 2939 Lind.
1702 2881 2006 2956 supplevit
2038 2883 2232 2958 magis
2265 2899 2448 2957 quam

419 2968 783 3044 emendavit3
823 2988 890 3027 ac
928 2989 1001 3028 ne
1038 2969 1113 3028 iis
1152 2969 1390 3045 quidem
1427 2970 1591 3044 locis,
1640 2989 1785 3046 quos
1824 2970 1992 3029 Lind.
2026 2971 2309 3031 asterisco
2347 2971 2445 3030 vel

417 3058 633 3116 lacuna
696 3062 766 3116 ut
820 3061 1129 3134 corruptos
1176 3059 1596 3137 insigniverat,
1652 3061 1798 3119 satis
1847 3059 2164 3138 diligenter
2220 3060 2344 3119 cod.
2396 3061 2458 3119 V

417 3147 701 3207 lectiones
740 3149 1036 3207 excussit.
1069 3194 1080 3205 .
1115 3194 1126 3206 .
1190 3147 1346 3217 Quin
1393 3148 1573 3208 etiam
1613 3148 1757 3208 adeo
1813 3151 1877 3207 in
1932 3149 2115 3210 verba
2168 3149 2449 3226 magistri

417 3235 657 3310 iuravit,
695 3241 763 3295 ut
799 3256 872 3295 ne
909 3236 982 3296 iis
1023 3237 1262 3313 quidem
1298 3238 1462 3312 lociS,
1510 3238 1725 3314 quibus
1763 3236 1932 3296 Lind.
1964 3241 2166 3313 aperte
2204 3239 2451 3313 erravit,

418 3328 623 3383 contra
685 3325 858 3384 illum
923 3325 1193 3385 codicum
1257 3327 1674 3387 auctoritatem
1738 3329 1911 3402 sequi
1982 3344 2159 3385 ausus
2233 3329 2312 3385 sit
2343 3374 2353 3384 .
2386 3372 2398 3384 .
2431 3375 2446 3386 .

417 3413 604 3499 yvest.
640 3415 828 3489 igitur
882 3415 1058 3474 nimis
1118 3420 1371 3493 anguste
1429 3435 1466 3474 a
1522 3416 1691 3474 Lind.
1731 3416 1985 3492 pendere
2042 3416 2450 3493 cognovimuS,

416 3501 531 3558 hac
577 3521 695 3559 una
741 3523 803 3562 re
858 3507 1151 3581 praestat,
1204 3506 1364 3581 quod
1399 3506 1626 3581 primus
1673 3507 1739 3564 in
1777 3523 1978 3565 omnes
2016 3504 2250 3564 fabulas
2288 3522 2450 3564 com-

418 3591 739 3649 mentarios
794 3591 1239 3673 promulgavit.'
1324 3594 1778 3672 Neglegendum
1833 3614 1972 3653 vero
2026 3593 2124 3653 hic
2178 3613 2296 3654 non
2353 3599 2453 3654 est

419 3676 771 3737 deteriorem
825 3682 1061 3757 quidem
1098 3687 1496 3744 recensionem
1549 3708 1586 3742 α
1635 3703 1821 3761 prope
1870 3686 2169 3760 integram
2219 3683 2446 3758 publici
