2661 3940
424 242 510 305 34
993 237 1371 292 EVGRAPHI
1408 238 1880 295 COMMENTVM

423 411 579 469 unde
626 411 741 470 sibi
786 410 961 469 huius
1009 411 1206 487 gratia
1254 410 1553 469 debeatur.
1647 430 1788 489 ergo
1836 429 1973 469 eum
2018 411 2129 467 hoo
2185 411 2289 468 tibi
2331 429 2453 477 non

422 503 734 575 praestem,
781 500 920 558 nolo
966 501 1114 558 mihi
1161 499 1373 558 debeas
1419 502 1695 576 gratiam,
1740 503 1961 577 quippe
2009 520 2143 560 eum
2190 520 2301 578 ego
2344 499 2455 557 has

423 591 667 664 nuptias
705 588 888 646 uelim
915 590 1123 665 fugere
1155 590 1260 662 ita,
1291 589 1792 664 quemadmodum
1828 594 1896 649 tu
1934 589 2200 666 adipisci.
2250 608 2455 664 quare,

425 682 495 737 ut
538 681 830 754 coeperat,
882 676 1170 736 Charinus
1218 679 1445 755 gratias
1492 681 1635 756 agit.
1720 680 1819 740 sed
1866 680 2216 755 Pamphilus
2253 679 2455 736 horta-

422 770 539 841 tur,
585 769 655 826 ut
701 772 753 825 et
792 768 921 842 ipse
969 766 1259 826 Charinus
1307 770 1367 825 et
1413 767 1629 843 Byrria
1674 770 1903 828 faciant
1944 769 2177 845 fingant
2231 768 2457 839 aliquid
2516 790 2542 829 5

424 858 730 914 inueniant
775 859 1049 929 efficiant,
1096 859 1166 913 ut
1213 854 1470 915 Charino
1528 858 1716 917 detur.
1792 877 1965 917 suum
2012 857 2274 916 officium
2331 874 2457 914 esse

425 946 572 1004 dicit
625 946 687 1003 id
733 964 793 1005 se
838 945 1125 1019 laborare,
1176 949 1245 1002 ut
1292 945 1408 1004 sibi
1462 966 1581 1006 non
1637 949 1836 1006 detur:
1891 964 2010 1005 non
2056 949 2208 1005 enim
2261 962 2459 1019 seque-

427 1037 614 1103 batur,
679 1039 760 1103 ut,
824 1037 877 1093 si
929 1035 1273 1107 Pamphilus
1339 1052 1467 1094 eam
1520 1054 1638 1095 non
1692 1038 1936 1104 duceret,
2001 1036 2296 1095 Charinus
2350 1035 2459 1092 du·
2544 1076 2548 1081 -

425 1129 583 1182 cerer.
693 1126 796 1182 hoc
855 1126 1036 1197 iyitur
1102 1129 1306 1192 monet,
1373 1130 1438 1183 ut
1490 1125 1587 1183 ille
1659 1131 1829 1198 atque
1893 1127 2015 1184 eius
2083 1141 2292 1184 seruus
2354 1124 2461 1181 hoc

425 1215 642 1273 laboris
686 1215 1025 1286 suscipiant,
1063 1218 1129 1271 ut
1170 1215 1296 1285 ipse
1342 1213 1547 1285 ducat,·
1589 1232 1764 1273 suum
1809 1217 2070 1288 officium
2118 1230 2236 1272 esse
2281 1213 2459 1270 Pam-
2490 1236 2548 1274 ιο

413 1302 616 1376 philus
663 1303 803 1360 dicit
845 1303 1113 1360 laborare
1158 1320 1234 1378 se,
1280 1307 1347 1360 ut
1389 1321 1508 1361 non
1553 1305 1741 1362 ducat.

1420 1629 1473 1684 2.

253 1754 385 1809 338
605 1742 639 1807 l
690 1769 757 1808 m
803 1768 949 1808 nom
994 1768 1141 1807 nom
1188 1769 1338 1816 Qvn)
1385 1769 1588 1810 Poss'ro
1634 1752 1781 1810 haee
1826 1768 2040 1810 scaena
2087 1751 2457 1809 coniectura-

423 1840 540 1896 lem
587 1842 810 1898 statum
863 1841 1030 1896 tenet
1074 1842 1408 1915 propterea,
1456 1840 1734 1916 quoniam
1784 1840 2107 1915 quaeritur,
2154 1857 2231 1897 an
2289 1838 2457 1896 Simo

421 1947 592 1988 ueras
655 1930 899 2004 nuptias
964 1929 1043 1988 sit
1098 1928 1272 1987 hodie
1329 1931 1612 1989 facturus,
1714 1930 1887 1989 huius
1951 1929 2040 1988 rei
2100 1930 2457 2007 argumenta

422 2017 630 2077 Dauus
679 2037 882 2077 seruus
932 2018 1149 2077 callida
1204 2022 1330 2077 arte
1379 2020 1626 2096 collegit
1676 2020 2037 2094 probaturus
2092 2019 2275 2076 falsas
2333 2036 2457 2077 esse
2488 2040 2543 2079 15

421 2109 678 2182 nuptias.
768 2107 915 2166 haee
959 2107 1168 2166 multis
1214 2108 1359 2167 loeis
1407 2108 1819 2184 exprimemus,
1912 2126 1981 2166 ao
2037 2107 2297 2183 primum
2353 2126 2455 2184 ge-

422 2197 704 2255 neraliter
741 2197 1026 2273 gaudium
1063 2215 1236 2255 suum
1272 2200 1642 2273 protestatur
1676 2197 2057 2272 Pamphilum
2096 2196 2453 2272 quaerendO.

252 2289 385 2345 339
420 2318 510 2326 —
557 2279 598 2343 2
639 2305 719 2345 v'r
757 2302 973 2346 METVM
1011 2305 1074 2344 m
1115 2303 1236 2351 Qvo
1274 2304 1436 2346 NVNC
1476 2305 1588 2345 EST
1634 2305 1880 2344 ADIMAM
1919 2303 2121 2351 A'ern
2159 2304 2456 2343 EXPLEAM

422 2393 665 2434 ANIMVM
711 2392 943 2433 GAvmo
1002 2375 1265 2433 ordinem
1322 2379 1383 2433 et
1435 2376 1730 2434 rationem
1783 2375 2011 2450 posuit:
2067 2375 2233 2450 prius
2290 2376 2456 2432 enim

421 2464 482 2521 id
532 2463 691 2539 quod
734 2464 961 2522 malum
1007 2467 1097 2522 est
1142 2463 1314 2522 debet
1361 2464 1609 2538 excludi,
1664 2468 1735 2523 ut
1785 2464 1850 2523 id
1871 2498 1875 2502 ·
1897 2464 2055 2539 quod
2099 2463 2320 2522 bonum
2370 2469 2456 2522 est
2485 2485 2541 2525 20

254 2556 385 2612 340
421 2553 632 2612 melius
678 2553 1025 2627 feliciusque
1070 2556 1357 2613 teneatur.
1404 2586 1494 2594 —
1541 2546 1583 2611 3
1633 2573 1802 2611 NIHIL
1846 2571 1957 2610 EST
1989 2571 2245 2613 NONDVM
2280 2570 2452 2611 HAEC

423 2659 705 2703 Rasowrr
752 2644 965 2699 MALA‘*
1021 2644 1280 2700 nondum
1325 2643 1673 2715 Pamphilus
1724 2644 1939 2701 sciebat
1981 2644 2227 2700 Dauum
2266 2645 2451 2710 scire,

251 2735 381 2790 341
422 2733 574 2804 quod
616 2732 729 2790 sibi
763 2736 1129 2804 pararentur
1162 2734 1416 2804 nuptiae.
1463 2764 1553 2772 —
1590 2723 1635 2788 4
1677 2750 1848 2796 vas
1891 2749 2014 2790 Eoo
2063 2750 2222 2789 NVNC
2267 2750 2455 2789 CREDo

424 2840 485 2879 sl
525 2839 639 2878 IAM
678 2839 965 2878 AVDJERJT
1008 2839 1131 2878 sm!
1171 2839 1434 2878 PARATAS
1477 2839 1730 2879 NVPTJAS
1780 2821 1877 2879 hic
1930 2820 2219 2897 intelligit
2272 2820 2450 2879 Pam-

422 3027 605 3099 a*[22]
634 3026 697 3079 id
734 3028 821 3079 est
856 3026 1102 3095 nuptias,
1159 3029 1217 3081 et
1263 3030 1350 3080 est
1393 3027 1486 3081 hic
1534 3026 1747 3095 species
1796 3025 2153 3093 definitionis,
2200 3042 2346 3094 quae
2387 3026 2454 3080 fit

633 3115 735 3167 per
771 3096 996 3222 laudem
1032 3098 1654 3223 uelozipupleraffimffm
1711 3096 1805 3152 uel
1853 3096 2103 3151 definitio
2148 3097 2450 3166 rhetorica,

636 3186 781 3238 quae
820 3186 877 3222 es
941 3185 1009 3222 ex
1046 3185 1108 3222 ar
1148 3188 1167 3221 1
1196 3187 1278 3223 rio
1341 3186 1524 3239 oquen
1551 3187 1616 3223 is.

603 3352 630 3398 1
651 3347 801 3401 unde
831 3355 957 3401 ante
975 3365 1037 3416 p.
1059 3352 1231 3414 33,29
1249 3351 1316 3401 ut
1336 3348 1389 3400 L
1421 3350 1428 3415 Ι
1462 3348 1680 3416 gratiae
1699 3349 1733 3418 β
1761 3350 1778 3416 ΙΙ
1808 3353 1837 3401 3
1867 3348 1950 3400 ita
1970 3351 2124 3416 (-que
2144 3346 2274 3400 add.
2294 3347 2448 3417 LF)

422 3418 914 3488 quemadmodum]
955 3418 1137 3487 magis
1175 3436 1345 3486 quam
1382 3439 1418 3471 α
1446 3421 1463 3487 ΙΙ
1493 3425 1524 3471 5
1568 3418 1864 3489 Charinus]
1904 3418 2160 3472 dominus
2198 3439 2235 3471 α
2268 3421 2275 3486 Ι
2308 3419 2446 3486 Byr-

422 3488 529 3557 ria]
567 3488 689 3555 ipse
728 3505 920 3543 seruus
958 3510 995 3542 α
1023 3492 1041 3560 ΙΙ
1071 3495 1101 3542 6
1141 3508 1304 3543 suum
1335 3522 1400 3529 -
1433 3491 1618 3561 detur]
1658 3492 1716 3544 et
1753 3490 1873 3559 ipse
1909 3488 2196 3543 laborabit
2230 3491 2296 3543 ut
2331 3506 2446 3544 non

424 3558 594 3611 ducat
630 3579 666 3610 α
704 3560 722 3626 ΙΙ
758 3564 790 3611 8
830 3560 901 3630 si]
940 3560 993 3613 ei
1031 3562 1101 3628 L,
1139 3579 1238 3617 om.
1260 3562 1311 3616 G
1347 3564 1365 3631 Ι]
1405 3568 1469 3615 13
1508 3562 1681 3615 habet
1718 3564 1925 3615 statum
1963 3562 2024 3615 F
2054 3563 2073 3629 ΙΙ
2112 3568 2177 3614 14
2217 3562 2447 3614 aeturus

423 3648 460 3680 α
497 3629 515 3695 ΙΙ
553 3633 618 3681 16
657 3630 994 3697 generaliter
1022 3641 1147 3700 post
1184 3651 1343 3687 suum
1382 3655 1418 3687 α
1464 3635 1482 3702 ΙΙ
1529 3639 1595 3685 23
1634 3633 1868 3703 nuptiae
1904 3635 2238 3702 pararentur
2274 3632 2400 3687 FG
