2661 3940
360 210 488 267 XVI
1175 209 1585 265 PRAEFATIO

359 385 565 442 statem
601 382 660 440 L
678 382 754 451 F,
780 387 971 454 potest
1007 399 1126 440 esse
1153 379 1213 439 A
1237 380 1317 440 G:
1356 380 1459 439 sed
1494 381 1639 439 haec
1676 380 1992 440 sufficiant.
2057 380 2148 439 Ne
2188 384 2392 440 tamen

361 474 639 547 putemus
669 472 733 529 F
764 491 834 530 ex
862 471 918 528 L
959 474 1062 529 aut
1095 470 1150 529 G
1188 489 1258 528 ex
1286 469 1347 529 A
1375 469 1712 529 derivatum
1741 488 1886 544 esse,
1923 489 1991 528 eo
2018 469 2395 546 impedimur,

358 561 521 637 quod
558 561 699 620 libri
737 563 1093 618 vetustiores
1132 578 1168 616 a
1204 559 1635 618 recentioribus
1673 559 2071 634 amplitudine
2108 577 2392 635 superan-

357 656 474 708 tur.
552 650 617 708 Si
663 669 802 709 vero
851 649 986 724 quis
1026 648 1240 707 dixerit
1276 649 1538 707 codicem
1576 649 1632 706 L
1672 648 1816 707 olim
1851 650 2153 727 integrum
2189 649 2391 724 fuisse,

358 743 431 797 ut
460 741 525 797 F
548 739 751 814 aliquo
790 739 964 796 modo
1003 738 1080 796 ad
1119 757 1255 796 eum
1283 739 1476 796 redire
1513 740 1734 815 posset,
1768 737 1882 796 hoc
1916 756 2024 814 per
2060 755 2122 795 se
2152 737 2391 812 quidem

356 831 585 887 rectum
627 833 734 902 est,
773 830 839 885 at
875 828 1118 887 obstant
1153 827 1267 885 tali
1306 828 1578 903 opinioni
1613 828 1864 886 lacunae
1912 830 1972 885 et
2000 828 2391 903 corruptelae,

356 936 514 993 quae
544 920 607 976 in
628 918 683 975 L
713 917 1110 992 reperiuntur,
1137 919 1201 974 in
1222 916 1294 974 -F
1313 935 1433 974 non
1461 918 1633 991 item3
1670 916 1837 975 velut
1862 915 2100 975 Phorm.
2128 917 2281 991 prol.
2305 919 2383 975 27

360 1007 474 1080 Qui
497 1010 798 1080 —partes
827 1010 885 1064 et
905 1006 1057 1064 Eun.
1077 1005 1172 1064 ΙΠ
1198 1008 1302 1080 1,2
1343 1007 1435 1063 hic
1455 1037 1538 1045 -
1557 1008 1815 1078 inqentes
1832 1009 2078 1081 propter
2113 1005 2387 1065 homoeo-

354 1096 629 1155 teleuton
668 1115 779 1155 om.
801 1095 876 1168 L,
906 1114 1025 1153 non
1058 1113 1169 1154 om.
1200 1095 1271 1152 F.
1320 1094 1571 1153 Accedit
1597 1094 1769 1169 illud,
1799 1094 1962 1170 quod
1988 1094 2101 1153 etsi
2127 1095 2385 1171 plerum·

353 1204 489 1260 que,
516 1188 717 1243 tamen
746 1204 864 1243 non
893 1202 1124 1258 semper
1154 1185 1218 1242 F
1244 1203 1378 1243 cum
1405 1183 1464 1241 L
1488 1186 1611 1242 stat
1639 1187 1846 1242 contra
1878 1183 1934 1242 G
1960 1184 2056 1243 vel
2083 1182 2144 1241 A
2167 1184 2247 1260 G3
2276 1186 2385 1242 im-

355 1294 452 1333 mo
499 1292 619 1332 non
665 1293 802 1333 raro
840 1275 1078 1332 exstant
1115 1273 1319 1349 qualia
1355 1273 1538 1331 habes
1575 1273 1812 1332 Phorm.
1843 1273 1874 1330 I
1906 1275 1961 1346 1,
1985 1274 2087 1347 15,
2123 1273 2227 1332 ubi
2262 1277 2385 1348 ipse

354 1367 482 1422 eius
529 1364 651 1422 dies
695 1364 886 1422 natali
937 1367 1020 1421 est
1063 1363 1484 1436 quodammodo
1533 1362 1769 1422 exhibet
1815 1362 1899 1430 L,
1955 1364 2081 1435 ipse
2125 1363 2386 1422 discendi

350 1452 775 1525 quodammodo
811 1453 1032 1510 natalis
1079 1456 1162 1510 est
1196 1453 1419 1529 legitur
1461 1453 1526 1508 in
1563 1451 1627 1508 F
1644 1451 1714 1510 G.
1786 1452 2000 1526 Itaque
2043 1451 2155 1510 hoc
2201 1472 2385 1510 unum

352 1542 732 1616 relinquitur,
769 1544 837 1599 ut
875 1544 935 1598 et
971 1542 1027 1599 L
1067 1544 1126 1599 et
1161 1543 1226 1599 F
1258 1544 1317 1599 et
1360 1539 1484 1600 AG
1522 1541 1597 1598 ad
1633 1541 1904 1616 proprios
1942 1541 2136 1599 fontes
2164 1542 2382 1600 refera-

351 1649 485 1689 mus
523 1634 584 1689 et
618 1631 775 1689 fonti
812 1629 1030 1689 codicis
1058 1631 1121 1687 F
1152 1630 1410 1688 mediam
1448 1630 1607 1688 inter
1644 1647 1740 1689 eos
1781 1632 1978 1688 locum
2016 1631 2382 1708 assignemus

351 1712 456 1801 (cf.
486 1722 738 1779 stemma
776 1718 1044 1778 codicum
1081 1720 1231 1779 Mus.
1260 1719 1447 1777 Rhen.
1482 1712 1654 1800 349).
1713 1719 1987 1794 Denique
2023 1720 2384 1778 monendum

349 1813 446 1868 est
480 1809 665 1868 libros
712 1810 776 1867 F
816 1812 875 1868 et
916 1809 972 1868 G
1016 1812 1085 1867 ut
1129 1808 1395 1868 novicios
1441 1808 1907 1884 haudquaquam
1951 1813 2218 1885 expertes
2259 1827 2383 1868 esse

351 1899 903 1974 interpolationum,
924 1917 1071 1975 quas
1102 1917 1236 1957 cum
1265 1897 1411 1957 alibi
1438 1900 1568 1955 tum
1595 1898 1985 1956 inlemmatis
2015 1898 2382 1957 offendimus.

530 1987 839 2047 Hactenus
878 1990 948 2046 de
987 1990 1325 2048 recensione
1362 1987 1428 2065 βε
1464 1990 1585 2046 iam
1623 1988 1701 2046 ad
1737 1987 1968 2048 codices
2007 1988 2256 2047 alterius
2292 2008 2381 2047 re-

349 2079 647 2137 censionis
685 2096 792 2137 nos
821 2081 1254 2137 convertamus
1330 2076 1447 2145 Qui
1484 2076 1780 2153 quomodo
1817 2077 1975 2136 inter
2010 2096 2070 2136 se
2109 2078 2383 2136 cohaere—

351 2169 502 2240 rent,
557 2185 691 2225 cum
737 2168 858 2226 iam
903 2167 965 2223 in
1018 2167 1165 2226 Mus.
1196 2167 1383 2225 Rhen.
1422 2187 1480 2242 p.
1522 2168 1646 2225 345
1680 2184 1805 2242 sqq.
1848 2166 2131 2241 exemplis
2179 2167 2381 2226 allatis

347 2255 910 2331 demonstraverim,
947 2257 1044 2314 hic
1082 2274 1571 2316 commemorasse
1610 2258 1757 2314 satis
1785 2256 1976 2315 habeo
2005 2258 2225 2314 artiore
2253 2257 2389 2314 vin-v

352 2345 486 2403 culo
523 2347 682 2403 inter
718 2363 779 2404 se
816 2348 1161 2404 coniunctos
1201 2364 1325 2404 esse
1365 2344 1592 2404 codices
1626 2338 1746 2425 1⁷³²)
1786 2347 1846 2403 et
1880 2344 1930 2403 S
1960 2363 2149 2419 neque
2177 2347 2380 2403 tamen

349 2436 610 2493 alterum
639 2455 709 2492 ex
737 2436 926 2494 altero
953 2435 1225 2510 pendere,
1255 2436 1358 2493 sed
1388 2433 1463 2491 ad
1493 2452 1862 2493 communem
1892 2434 2125 2493 fontem
2149 2437 2379 2492 utrum·

346 2543 465 2599 que
501 2524 713 2597 redire,
751 2525 855 2599 qui
893 2527 953 2582 et
987 2524 1117 2600 ipse
1156 2543 1224 2582 ex
1268 2523 1474 2582 eodem
1523 2523 1676 2581 libro
1717 2523 2036 2599 archetypo
2075 2523 2379 2582 derivatus

344 2616 455 2685 est,
483 2612 639 2671 unde
677 2613 802 2671 cod.
831 2613 889 2670 P
912 2606 1046 2692 (nec
1081 2633 1200 2673 non
1238 2614 1607 2671 correcturae
1645 2631 1855 2671 manus
1885 2604 2225 2693 secundae),
2254 2612 2378 2672 cod.

351 2703 410 2760 B
430 2705 490 2760 et
509 2695 590 2760 B'
609 2695 746 2783 (hos
763 2722 831 2761 ex
851 2701 1055 2761 eodem
1085 2702 1407 2778 exemplari
1435 2719 1560 2760 esse
1588 2702 1984 2777 transcriptos
2013 2701 2184 2761 docet
2208 2720 2381 2779 prae-

345 2795 442 2849 ter
470 2792 591 2849 alia
616 2791 858 2849 initium
885 2793 1196 2867 utriusque
1233 2782 1560 2871 mutilum).
1616 2792 1948 2851 Diversitas
1979 2793 2196 2865 autem,
2225 2810 2378 2866 quae

350 2883 506 2938 inter
541 2881 725 2939 libros
763 2882 938 2939 huius
966 2882 1324 2940 recensionis
1362 2881 1756 2957 cognoscitur,
1784 2883 2109 2938 maximam
2144 2884 2379 2955 partem

348 2970 670 3045 repetenda
706 2969 944 3028 videtur
989 2989 1058 3028 ex
1096 2972 1396 3029 communi
1431 2970 1755 3045 archetypo
1793 2970 1975 3029 variis
2019 2970 2376 3028 lectionibus

348 3061 596 3134 refert03
654 3062 965 3137 praeterea
1016 3059 1264 3118 arbitrio
1315 3059 1698 3118 librariorum
1748 3059 1965 3118 menda
2014 3059 2225 3118 tollere
2282 3076 2377 3116 co-

347 3149 622 3206 nantium
660 3150 949 3208 debentur
985 3149 1176 3206 multa
1205 3167 1359 3223 quae
1386 3149 1450 3205 in
1482 3148 1601 3206 alio
1630 3148 1828 3207 codice
1859 3150 2038 3207 aliter
2071 3149 2378 3225 leguntur,

344 3236 408 3293 id
447 3237 608 3312 quod
634 3238 692 3295 P
722 3241 964 3313 excepto
1001 3237 1065 3295 in
1103 3256 1304 3296 omnes
1341 3238 1477 3313 plus
1506 3237 1706 3297 minus
1743 3239 1924 3311 cadit,
1949 3236 2206 3296 maxime
2233 3255 2376 3296 vero

348 3326 408 3383 in
447 3316 544 3398 B',
582 3327 749 3384 cuius
789 3329 1115 3386 auctoritas
1153 3327 1227 3385 ob
1266 3346 1397 3385 eam
1435 3346 1561 3385 rem
1597 3346 1781 3404 prope
1819 3327 1987 3386 nulla
2025 3330 2130 3385 est.

525 3530 572 3598 ¹⁸)
612 3529 694 3582 De
740 3529 878 3582 Eun.
910 3535 1224 3587 commento
1272 3533 1347 3587 ad
1393 3533 1445 3586 H
1474 3533 1692 3599 2,5-V
1722 3540 1771 3601 2,
1793 3540 1858 3589 57
1908 3550 1977 3588 ex
2022 3533 2135 3587 alio
2183 3531 2377 3587 codice

344 3599 611 3652 Leidensi
647 3600 697 3652 L
738 3600 1024 3657 simillimo
1062 3605 1121 3657 in
1171 3606 1223 3658 V
1253 3605 1515 3674 suppleto
1554 3605 1623 3660 cf.
1654 3605 1796 3659 Mus.
1825 3606 2003 3659 Rhen.
2044 3610 2146 3658 347
2168 3622 2249 3673 sq.
