2661 3940
856 210 1243 265 ADELPHOE
1281 211 1361 264 III
1389 215 1438 281 3,
1467 215 1662 275 47-4,
1695 216 1722 263 1
2050 232 2053 233 ’
2156 207 2292 272 313

72 385 209 441 430
250 401 401 455 cere,
450 401 604 457 quae
654 382 939 440 Demeam
994 381 1237 440 fallant:
1294 379 1442 437 dicit
1495 378 1654 437 enim
1715 371 1804 435 76
1857 395 2085 436 ΙΝΕΡΤΑ
2141 395 2293 436 ussi:

249 489 417 530 HAEC
475 489 638 537 QVAE
684 489 950 530 FAomvs
1010 487 1246 543 summ,
1301 473 1362 528 et
1416 472 1618 526 tamen
1673 468 1820 526 dicit
1874 467 1989 526 sibi
2034 468 2288 525 necessi-

249 564 379 620 tate
424 579 648 619 morem
695 559 1034 638 gerendum,
1082 557 1318 633 quando
1364 557 1429 615 id
1474 558 1608 615 uult
1657 557 1861 616 frater.
1928 575 2155 615 memor
2201 559 2291 614 est

249 650 605 710 locutionis:
653 667 835 725 supra
880 648 1038 707 enim
1083 648 1272 706 frater
1309 646 1462 705 dixit
1501 639 1596 727 (V
1628 650 1687 714 3,
1718 636 1827 726 16)
1870 640 2130 721 ‘quando
2179 663 2288 721 ego

75 740 213 798 438
250 741 428 797 tuum
472 759 592 798 non
640 757 797 812 curo,
844 758 916 797 ne
955 757 1100 797 cura
1135 731 1377 796 meum’.
1413 768 1496 776 —
1538 727 1631 794 84
1679 753 1873 795 Es'rm:
1921 752 2112 794 memo
2162 753 2288 792 'rm-
2346 754 2377 794 5

252 846 430 888 vas
458 847 700 888 nos'rER
729 828 972 886 aduenit
999 829 1325 885 conuentus
1359 827 1483 884 iam
1512 844 1547 882 a
1579 823 1731 884 Geta
1770 843 1966 883 seruo:
2004 818 2291 900 dolor<e>

254 920 366 977 est.
393 921 742 990 commotus,
799 916 958 991 quod
1004 935 1074 974 ea
1126 917 1348 974 omissa
1394 916 1767 973 meretricem
1812 913 2031 989 rapuit.
2082 908 2289 972 ‘tribu-

254 1002 354 1066 lis'
416 1009 617 1066 autem
672 1005 971 1083 significat
1026 1025 1096 1063 ex
1153 1006 1360 1064 eadem
1418 1004 1602 1071 tribu,
1657 1004 1768 1061 hoc
1825 1006 1916 1061 est
1961 1023 2030 1061 ex
2087 1002 2291 1061 eadem

75 1100 213 1157 441
256 1096 438 1154 curia.
476 1128 565 1137 —
622 1088 710 1153 87
770 1114 849 1153 NE
910 1113 1110 1154 1LL1vs
1171 1112 1329 1153 mom
1388 1111 1501 1151 1AM
1560 1110 1776 1152 MAGNA
1835 1109 2015 1152 Noms
2079 1108 2292 1150 ‹3va

255 1204 524 1245 PENVRIA
579 1202 692 1244 EST
748 1183 939 1243 bonae
994 1185 1240 1243 uirtutis
1296 1183 1600 1241 hominem
1657 1200 1790 1240 cum
1844 1181 2095 1256 uideret,
2141 1180 2293 1238 dixit
2321 1200 2380 1240 io

254 1274 596 1334 huiusmodi
630 1274 899 1333 homines
936 1275 1060 1332 iam
1096 1273 1159 1330 in
1198 1274 1444 1331 ciuitate
1482 1291 1602 1331 non
1641 1290 1783 1330 esse.
1830 1272 2018 1348 igitur
2056 1265 2292 1328 ‘talium

79 1368 217 1425 443
255 1364 524 1423 uirorum
571 1366 631 1422 et
675 1363 899 1421 ciuium
944 1382 1165 1439 magna
1211 1362 1384 1421 nobis
1431 1364 1521 1420 est
1565 1354 1814 1436 inopia'.
1852 1392 1941 1401 —
1980 1352 2072 1418 89
2121 1378 2292 1418 HAVD

165 1496 171 1501 -
258 1472 398 1513 c1ro
455 1471 607 1511 MALI
664 1469 985 1519 QVICQVAM
1041 1470 1253 1511 oa'rvm
1307 1471 1389 1509 Ex
1434 1469 1559 1510 Hoc
1610 1468 1704 1510 s1'r
1752 1467 2013 1509 Pvnmcn
2060 1449 2150 1506 ita
2195 1449 2293 1507 hic

254 1543 465 1617 iustus,
519 1544 610 1601 ita
666 1560 897 1617 semper
952 1544 1043 1599 est
1096 1542 1348 1619 integer,
1402 1543 1473 1598 ut
1518 1540 1672 1597 nihil
1718 1538 1866 1597 mali
1913 1559 1984 1596 ex
2028 1539 2140 1596 hoc
2185 1558 2292 1614 pu-

256 1632 408 1691 blice
454 1633 620 1691 nasci
665 1633 882 1707 posset.
2323 1646 2379 1686 15

1249 1811 1307 1865 4.

84 1920 223 1977 447
445 1908 481 1975 l
532 1935 651 1977 pao
709 1934 777 1975 m
831 1933 1222 1976 nmoRTALns
1271 1932 1530 1975 ermvs
1580 1932 1888 1975 mmeNVM
1935 1931 2099 1974 cri-:TA
2147 1930 2301 1979 (πῃ)
2406 1906 2411 1911 ’

261 2025 502 2067 NARRAS
549 2008 695 2065 haec
741 2025 957 2065 scaena
1004 2007 1445 2065 accusationem
1490 2008 1681 2064 tenet:
1728 2022 1862 2063 reus
1911 2004 2069 2062 enim
2112 2002 2296 2063 effici-

256 2100 359 2155 tur
405 2096 766 2170 adulescen8‚
817 2095 975 2172 quod
1019 2095 1257 2153 uitiarit
1292 2094 1605 2171 uirginem.
1657 2112 2020 2170 quamquam
2057 2095 2120 2150 in
2160 2112 2297 2152 con-

257 2188 490 2245 iectura
543 2204 635 2244 res
692 2202 815 2243 esse
870 2185 1183 2260 potuisset,
1238 2187 1461 2256 tamen,
1518 2185 1800 2259 quoniam
1860 2202 2032 2242 nemo
2093 2187 2295 2260 negat,

260 2295 378 2335 non
434 2275 734 2336 accusatio
791 2293 899 2348 per
954 2274 1356 2332 coniecturam
1405 2273 1731 2346 conficitur,
1779 2272 1881 2331 sed
1935 2273 2136 2346 potius
2191 2291 2298 2347 per
2325 2289 2386 2329 20

260 2365 643 2441 qualitatem:
698 2362 859 2420 idem
915 2363 1074 2420 enim
1128 2362 1386 2420 uitiator
1431 2362 1683 2438 puellae,
1741 2380 1875 2421 cum
1923 2360 2000 2418 ad
2044 2363 2299 2419 matrem

259 2454 495 2530 puellae
568 2453 853 2526 uenisset,
916 2445 1194 2527 promisit
1269 2469 1329 2510 se
1398 2450 1645 2509 eandem
1720 2469 1900 2527 quam
1974 2449 2303 2509 uitiauerat

260 2562 502 2601 uxorem
560 2560 685 2600 esse
743 2541 1075 2600 ducturum.
1138 2560 1296 2599 nunc
1343 2539 1583 2613 dicitur,
1631 2541 1806 2615 quod,
1853 2558 1988 2597 cum
2032 2541 2303 2613 rapuerit

261 2632 649 2703 meretricem,
676 2648 811 2689 reus
840 2631 921 2689 sit
947 2631 1322 2690 iniuriarum.
1366 2631 1430 2688 in
1458 2629 1572 2687 hac
1599 2647 1815 2688 scaena
1843 2629 2143 2688 accusatio
2175 2629 2299 2687 sola

262 2724 355 2779 est
391 2723 451 2779 et
487 2719 750 2778 defensio
794 2720 976 2779 nulla.
1030 2719 1212 2778 habet
1254 2719 1437 2777 etiam
1480 2722 1715 2794 partem
1755 2718 1956 2794 potius
2000 2717 2300 2777 admixtae
2330 2734 2388 2774 25

266 2808 717 2868 deliberatiuae:
764 2828 905 2867 nam
950 2812 1160 2885 postea
1214 2808 1375 2867 idem
1419 2808 1523 2868 hic‘
1575 2809 1681 2884 qui
1738 2811 1977 2866 accusat
2024 2810 2085 2865 et
2130 2807 2303 2883 petit,

262 2899 356 2958 uti
394 2898 736 2957 adulescens
775 2898 1023 2956 eandem
1062 2898 1243 2957 ducat
1280 2917 1539 2957 uxorem.
1588 2901 1649 2956 et
1677 2899 1868 2956 omnis
1898 2897 2005 2954 illa
2034 2896 2303 2970 superior

263 2988 561 3048 accusatio
612 2987 686 3045 ad
732 2988 843 3046 hoc
889 2987 1102 3061 tendit,
1146 2990 1217 3044 ut
1262 3006 1508 3046 uxorem
1554 2987 1754 3063 potius
1806 2985 1988 3044 ducat
2030 2985 2310 3059 uitiator,

447 3181 474 3228 1
515 3174 684 3245 quae]
725 3174 824 3243 qui
861 3174 1013 3229 codd.
1050 3177 1057 3243 Ι
1089 3174 1258 3229 fallat
1294 3196 1330 3228 α
1365 3180 1373 3243 1
1407 3174 1556 3229 enim
1594 3192 1694 3229 om.
1731 3174 1781 3228 G
1809 3177 1827 3242 ΙΙ
1856 3180 1887 3227 2
1925 3174 2144 3226 faciunt
2181 3190 2310 3227 sen-

262 3247 416 3301 tiunt
451 3248 603 3301 codd.
633 3249 651 3315 ΙΙ
690 3251 720 3298 3
759 3245 1068 3315 gerendum
1105 3247 1437 3302 Lindenbr.:
1478 3262 1671 3315 gerere
1709 3245 1861 3299 codd.
1892 3247 1910 3314 ΙΙ
1948 3250 1978 3297 4
2018 3262 2189 3313 supra
2219 3286 2229 3297 .
2255 3286 2302 3298 ..

265 3318 431 3390 dixit]
449 3320 709 3374 memoria
731 3318 1015 3386 lapsu-sest
1035 3319 1213 3389 Euyr.
1243 3321 1261 3387 ΙΙ
1290 3324 1322 3372 5
1351 3317 1521 3386 hegio
1551 3319 1708 3370 estne
1729 3319 1855 3386 (ego
1885 3318 2012 3371 add.
2035 3318 2091 3384 α)
2113 3317 2265 3370 codd.
2288 3319 2311 3384 n*

265 3395 297 3443 6
336 3390 571 3444 aduenit
608 3388 877 3462 (Hegio)
897 3388 927 3442 ‚9
960 3391 967 3457 Ι
1010 3390 1200 3444 dolore
1238 3391 1541 3445 Isindenbr.
1590 3392 1607 3458 ΙΙ
1656 3394 1684 3440 7
1725 3406 1791 3442 ea
1851 3405 1921 3443 sc.
1951 3387 2251 3457 Pamphila
2287 3391 2311 3458 Π·

267 3466 333 3515 18
363 3462 686 3516 coniectura
714 3482 750 3514 α
788 3464 805 3530 ΙΙ
845 3466 910 3514 19
940 3478 1103 3515 nemo
1131 3480 1232 3517 om.
1259 3463 1311 3518 G
1338 3466 1356 3533 ss
1394 3467 1461 3516 20
1490 3460 1733 3516 efficitur
1811 3460 1854 3514 S
1877 3461 1895 3529 ΙΙ
1925 3466 1990 3513 23
2022 3476 2147 3514 cum
2176 3467 2310 3514 ante

262 3551 390 3587 reus
422 3534 545 3599 GP,
573 3551 673 3589 om.
706 3532 817 3598 VS,
856 3539 1068 3602 tran-sp.
1107 3536 1190 3588 W.
1226 3537 1235 3602 Ι
1266 3536 1533 3605 rapuerat
1559 3554 1596 3587 α
1626 3537 1643 3602 ΙΙ
1672 3538 1740 3585 24
1778 3531 1843 3585 fit
1879 3553 1917 3586 α
1944 3535 1961 3600 ΙΙ
2000 3537 2066 3585 26
2104 3534 2309 3599 postea

263 3605 418 3661 idem
448 3607 558 3660 W.:
597 3608 727 3674 post
764 3604 1000 3658 eandem
1029 3605 1248 3674 (eadem
1278 3610 1335 3674 α)
1364 3608 1514 3661 codd.
1551 3609 1559 3676 Ι
1611 3604 1732 3675 qui]
1763 3602 1897 3671 quia
1925 3606 1994 3671 P,
2032 3620 2178 3672 quae
2218 3604 2315 3658 VS
