2661 3940
409 245 512 298 XX
1217 241 1628 298 PRAEFATIO

410 414 601 472 solam
631 432 773 488 esse,
794 413 1037 490 dignam
1068 432 1187 489 qua
1215 431 1373 472 nova
1391 413 1574 471 editio
1595 412 1768 487 quasi
1786 410 2174 469 fundamento
2194 413 2447 484 nitatur,

411 504 557 562 satis
595 504 717 561 iam
756 505 1101 579 apparuisse
1140 502 1622 561 existimaverim.

1156 836 1249 901 De
1287 731 1703 902 edsitssnibus·

537 953 543 957 ’
591 947 680 1006 De
710 950 1031 1006 commenti
1058 948 1472 1025 Eugraphiani
1500 947 1859 1006 editionibus
1900 965 2036 1005 cum
2063 949 2286 1023 optime
2327 946 2444 1006 dis-

414 1038 670 1096 seruerit
707 1036 1101 1117 Gerstenberg
1148 1029 1234 1117 (p.
1279 1040 1358 1096 16
1400 1029 1587 1118 sqq.),
1642 1054 1760 1096 non
1806 1036 1999 1095 multa
2052 1036 2242 1094 habeo
2290 1055 2445 1111 quae

415 1125 644 1185 addam.
712 1125 864 1186 Sunt
892 1130 1093 1185 autem
1120 1127 1339 1203 dignae
1377 1145 1532 1202 quae
1568 1127 1630 1183 in
1660 1144 1900 1184 censum
1936 1126 2182 1182 veniant
2217 1125 2354 1183 hae:

129 1207 391 1263 Faermffl
602 1220 656 1274 1.
699 1213 2444 1293 CommentariiEugraphiiiunctiGabrielisFaerni

413 1304 922 1364 emendationibus
978 1307 1042 1362 in
1097 1322 1199 1363 sex
1247 1304 1482 1363 fabulas
1542 1303 1832 1378 Terentii,
1886 1304 2226 1362 Florentiae
2284 1303 2444 1378 apud

412 1388 629 1453 Juntas
679 1413 729 1452 a.
764 1395 932 1452 1565
981 1414 1038 1470 p.
1072 1386 1440 1452 232—‘25L
1524 1394 1843 1453 Praemisit
1879 1393 1942 1450 P.
1970 1392 2292 1466 Victorius,
2340 1394 2447 1468 qui

412 1484 567 1542 hanc
623 1482 949 1542 editionem
1003 1483 1264 1558 curavit,
1329 1484 1501 1541 haec:
1557 1477 1730 1541 ‘Cum
1777 1481 2077 1541 venissent
2121 1482 2186 1539 in
2231 1499 2444 1540 manus

411 1573 630 1631 Faerni
674 1573 967 1647 reliquiae
1037 1571 1334 1647 quaedam
1383 1573 1602 1632 veteris
1659 1571 2061 1649 grammatici,
2119 1590 2296 1646 quem
2340 1571 2445 1628 ille

412 1680 532 1719 non
569 1660 947 1739 negligebat,
968 1680 1066 1720 eas
1104 1679 1367 1738 quoque,
1414 1660 1771 1720 cuicuimodi
1814 1661 1983 1736 ipsae
2022 1664 2186 1734 sunt,
2235 1659 2447 1719 excudi

411 1751 778 1809 curavimus:
834 1750 905 1809 de
950 1752 1083 1826 ipso
1119 1753 1322 1810 tamen
1369 1751 1521 1808 nihil
1558 1751 1798 1826 praeter
1841 1749 2062 1807 nudum
2104 1769 2317 1808 nomen
2354 1751 2444 1806 in·

410 1841 713 1918 vestigare
760 1835 1108 1916 potuimus’.
1203 1839 1489 1914 Sequitur
1537 1835 1986 1917 ‘Fragmentum
2032 1839 2447 1897 commentarii

410 1929 750 2007 Eugraphii
785 1931 851 1987 in
885 1929 1202 2008 prologum
1228 1928 1491 1988 Andriae
1522 1923 1830 2005 Terentii’,
1869 1930 2035 1988 cuius
2073 1927 2315 1987 initium
2354 1930 2446 1987 est

414 2020 577 2093 Quas
626 2022 802 2093 faciet
852 2021 1143 2093 demteyro
1195 2020 1518 2078 comoedias
1569 2020 1672 2077 hoc
1728 2022 1811 2077 est
1864 2018 1933 2077 de
1982 2020 2219 2093 integro,
2303 2017 2449 2077 Post

415 2111 814 2168 commentum
850 2108 914 2166 in
942 2109 1317 2168 Phormionis
1346 2109 1690 2186 prologum,
1739 2107 1897 2183 quod
1934 2107 2214 2166 ultimum
2250 2107 2449 2165 locum

414 2197 671 2271 obtinet,
716 2216 909 2273 pauca
955 2199 1230 2274 excerpta
1277 2198 1587 2275 leguntur,
1635 2216 1714 2257 sc.
1752 2196 1830 2255 ad
1865 2196 2051 2255 Andr.
2080 2197 2112 2254 I
2143 2199 2199 2268 1,
2222 2198 2304 2254 24
2344 2187 2449 2275 (de

418 2289 901 2363 argumentorum
936 2281 1139 2367 locis);
1176 2286 1240 2344 H
1271 2290 1328 2360 3,
1352 2290 1418 2361 63
1470 2290 1579 2361 183
1616 2286 1711 2345 HI
1742 2290 1801 2364 1,
1825 2289 1936 2361 173
1983 2285 2223 2357 193111
2255 2288 2311 2359 2,
2335 2287 2449 2360 363

414 2375 510 2434 III
541 2378 598 2450 3,
622 2378 721 2436 33.
791 2376 1106 2436 Praeterea
1134 2378 1197 2434 in
1224 2376 1444 2434 Faerni
1472 2375 1986 2434 emendationibus
2018 2370 2448 2451 ‘Eugraphius’

415 2467 639 2524 citatur
675 2466 769 2524 his
806 2465 979 2524 locis:
1025 2465 1209 2524 Andr.
1239 2466 1271 2523 I
1301 2467 1359 2540 5,
1382 2467 1462 2524 52
1497 2460 1582 2545 (p.
1616 2468 1672 2541 8,
1710 2465 1816 2524 ubi
1853 2464 2117 2523 Faernus
2155 2463 2226 2521 de
2265 2464 2447 2541 Eugr.

415 2545 632 2633 errat);
673 2555 755 2613 54
823 2574 881 2629 p.
907 2546 1000 2636 9);
1039 2554 1181 2628 116,
1206 2558 1281 2613 11
1319 2546 1563 2636 (Ρ.14);
1602 2554 1690 2611 IV
1722 2559 1776 2630 1,
1800 2556 1881 2613 57
1915 2547 1999 2635 (Ρ.
2034 2545 2172 2635 22),
2209 2553 2296 2611 IV
2328 2555 2446 2629 3‚5
2517 2587 2520 2588 ν

447 2663 502 2719 p.
535 2635 675 2725 23);
716 2646 752 2702 8
822 2664 881 2720 p.
914 2635 1054 2724 23);
1104 2644 1154 2700 V
1189 2646 1306 2721 1‚4
1347 2634 1431 2725 (p.
1467 2637 1607 2725 26);
1653 2644 1710 2700 V
1740 2646 1798 2719 2,
1824 2646 1857 2702 7
1900 2635 1986 2723 (Ρ.
2019 2634 2160 2722 27);
2196 2642 2251 2699 V
2283 2644 2446 2716 3,32

446 2752 503 2807 p.
547 2724 687 2813 29);
742 2732 799 2790 V
830 2734 888 2806 6,
921 2734 1000 2790 17
1052 2725 1138 2811 (Ρ.
1171 2724 1311 2814 32);
1367 2734 1519 2792 Eun.
1550 2734 1699 2810 prol.
1743 2736 1774 2791 1
1830 2724 1916 2813 (p.
1949 2724 2091 2813 33);
2140 2732 2176 2789 5
2228 2724 2313 2811 (p.
2347 2735 2451 2805 33,

415 2822 524 2880 ubi
550 2822 769 2880 iterum
797 2840 962 2880 error
989 2815 1259 2904 Faerni);
1304 2826 1338 2881 7
1372 2814 1456 2902 (Ρ.
1482 2814 1619 2903 33);
1657 2821 1720 2879 Π
1743 2826 1799 2896 2,
1822 2824 1933 2897 34;
1960 2822 2179 2880 Heaut.
2200 2822 2349 2896 prol.
2383 2825 2451 2897 ὃς

414 2910 478 2969 Π
507 2913 565 2984 2,
588 2913 627 2969 4
659 2905 740 2991 (Ρ.
775 2903 915 2992 84);
953 2911 1015 2970 H
1046 2915 1102 2985 3,
1126 2914 1280 2986 1313
1316 2912 1459 2971 Hec.
1488 2912 1638 2987 prol.
1673 2915 1704 2970 1
1742 2906 1826 2992 (Ρ.
1862 2902 2035 2991 151).
2101 2910 2451 2988 Desumpsit

418 3004 618 3059 autem
681 3000 948 3059 Faernus
1012 3001 1157 3059 haec
1220 3001 1586 3078 fragmenta,
1661 3003 1816 3060 sicut
1886 3005 2043 3059 recte
2108 3000 2451 3059 observavit

416 3089 829 3167 Umpfenbach
885 3080 1113 3169 (Herm.
1153 3090 1217 3148 H
1264 3092 1390 3149 337
1442 3090 1574 3149 adn.
1619 3081 1705 3171 1),
1744 3110 1814 3149 ex
1860 3090 2059 3149 codice
2106 3090 2449 3149 Basilicano

416 3178 476 3235 B
500 3181 564 3248 —{—
587 3170 692 3253 B',
730 3198 850 3254 quo
890 3178 1072 3238 etiam
1108 3177 1185 3239 ad
1224 3178 1618 3239 emendandas
1658 3179 1900 3239 Terenti
1937 3179 2268 3238 comoedias
2307 3198 2452 3238 usus

417 3270 523 3325 est.
580 3267 797 3325 Faerni
825 3267 1165 3342 editionem,
1194 3270 1247 3327 si
1273 3269 1450 3327 modo
1487 3270 1600 3327 hoc
1628 3268 1867 3327 nomine
1897 3267 2079 3345 digna
2117 3271 2258 3328 sunt
2296 3287 2449 3343 quae

416 3355 519 3413 ille
558 3359 895 3431 proposuit,
944 3357 1050 3414 alii
1087 3356 1516 3433 repetiverunt,
1565 3377 1713 3433 quos
1759 3358 1856 3416 hic
1903 3376 2249 3417 enumerare
2294 3358 2451 3417 nihil

416 3445 613 3503 refert.

102 3541 402 3594 Le'ndenbr.
608 3536 665 3591 2.
713 3534 1123 3611 Eugraphii
1178 3538 1772 3595 commentarium
1826 3539 1897 3593 in
1945 3537 2233 3596 fabulas
2281 3537 2451 3596 Pub.

420 3620 745 3679 Terentii
797 3624 986 3684 edidit
1037 3644 1159 3684 una
1206 3643 1339 3683 cum
1379 3625 1694 3685 comoediis
1744 3628 1804 3683 et
1840 3626 2068 3685 Donati
2116 3629 2454 3686 commento
