2661 3940
967 917 1502 1000 ANDRIA

1010 1096 1463 1159 PROLOGVS

396 1241 545 1300 Cum
592 1261 794 1301 omnes
839 1244 1051 1318 poetae
1087 1245 1376 1301 uirtutem
1422 1245 1747 1302 oratoriam
1791 1261 2020 1319 semper
2063 1245 2247 1303 uersi·

212 1331 322 1391 bus
371 1332 760 1406 exequantur,
805 1335 936 1391 tum
979 1333 1170 1409 magis
1217 1332 1334 1391 duo
1376 1333 1498 1390 uiri
1544 1332 1703 1408 apud
1738 1331 2003 1407 LatinOS,
2049 1332 2247 1411 Virgi-

212 1421 331 1479 lius
369 1422 430 1478 et
469 1421 797 1479 Terentius,
875 1440 945 1479 ex
983 1421 1213 1496 quibus,
1258 1424 1328 1479 ut
1365 1422 1623 1498 suspicio
1661 1424 1867 1481 nostra
1905 1424 2010 1495 est,
2054 1422 2247 1499 magis

213 1510 481 1568 Terentii
525 1512 718 1568 uirtus
766 1509 841 1568 ad
886 1510 1182 1568 rationem
1217 1511 1546 1570 rhetoricae
1594 1511 1740 1569 artis
1788 1510 2030 1586 accedit,
2077 1512 2246 1570 cuius

192 1599 545 1674 ‘potentiam
608 1619 715 1675 per
778 1600 1111 1659 comoedias
1168 1600 1433 1678 singulas
1494 1603 1561 1658 ut
1614 1618 1926 1677 possumus
1992 1601 2244 1676 explica·
2302 1622 2326 1662 5

213 1689 425 1746 bimus,
503 1707 572 1747 ac
616 1690 812 1764 prima
858 1688 1029 1748 nobis
1077 1707 1146 1747 ea
1192 1691 1291 1763 sit,
1339 1708 1491 1765 quae
1539 1693 1600 1760 et
1644 1690 1842 1765 pueris
1890 1708 2122 1764 semper
2158 1691 2247 1748 est

211 1777 456 1836 tradita.
514 1777 746 1836 Andria
790 1778 982 1854 igitur
1016 1778 1334 1856 prologum
1371 1777 1552 1836 habet
1597 1796 1801 1837 POETA
1839 1795 1965 1837 cvm
2008 1797 2248 1838 PRIMVM

212 1886 458 1925 mmm
505 1885 588 1924 AD
637 1884 1030 1926 somnmmvm
1074 1885 1355 1927 APPVLIT.
1447 1869 1637 1925 omnis
1682 1868 1963 1943 prologus
2019 1868 2248 1945 triplici

211 1956 519 2016 inducitur
573 1975 777 2016 causa:
850 1956 948 2016 uel
1004 1958 1072 2015 ut
1127 1958 1544 2035 argumentum
1597 1956 1837 2016 fabulae
1895 1958 2087 2034 possit
2152 1978 2244 2015 ex-

210 2046 416 2104 hibere
478 2047 574 2104 uel
631 2050 872 2123 poetam
927 2047 1149 2122 populo
1204 2046 1613 2105 commendare
1668 2046 1767 2104 uel
1819 2049 1888 2105 ut
1942 2067 1979 2106 a
2024 2049 2245 2123 populo
2275 2068 2328 2108 ιο

212 2134 584 2193 audientiam
620 2136 898 2211 postulet.
964 2135 1067 2194 sed
1102 2136 1196 2193 his
1235 2136 1507 2195 omnibus
1545 2137 1738 2195 causis
1777 2137 2088 2195 Terentius
2127 2156 2246 2196 non

210 2225 304 2282 ita
355 2242 501 2284 usus
562 2227 675 2284 est:
739 2225 952 2283 habuit
1011 2226 1169 2282 enim
1227 2224 1636 2284 aduersarium
1690 2227 1948 2284 ueterem
2007 2228 2247 2301 poetam

212 2313 497 2372 Luscium
558 2313 917 2388 Lanuinum,
965 2316 1131 2372 cuius
1179 2314 1517 2373 comoediae
1572 2332 1705 2373 cum
1761 2334 1880 2374 non
1926 2316 2246 2390 placerent,

211 2422 448 2478 semper
501 2403 832 2461 maledictis
889 2404 1171 2462 aduersus
1219 2403 1553 2463 comoedias
1601 2404 1865 2462 Terentii
1920 2404 2243 2481 pugnabat.

210 2496 459 2569 propter
512 2492 668 2550 hunc
722 2492 911 2569 igitur
965 2492 1277 2550 Terentius
1334 2494 1648 2570 prologum
1706 2511 1937 2569 semper
1997 2493 2245 2567 inducit,
2275 2513 2326 2553 15

210 2584 282 2639 ut
347 2582 473 2639 eius
536 2580 868 2641 maledictis
930 2581 1302 2657 respondeat.
1398 2581 1555 2657 quod
1619 2581 1668 2641 si
1732 2583 1821 2640 ita
1886 2584 1993 2655 est,
2056 2584 2245 2641 omnis

209 2670 496 2748 prologus
570 2671 835 2731 Terentii
901 2671 1082 2728 habet
1155 2672 1635 2730 controuersiam.
1754 2671 1984 2729 Andria
2055 2673 2247 2749 igitur

211 2760 681 2818 controuersiam
726 2763 916 2819 tenet:
976 2777 1104 2818 mos
1154 2763 1260 2834 est,
1306 2760 1400 2818 uti
1456 2780 1525 2818 ex
1564 2758 1787 2819 Graeco
1842 2762 1905 2818 in
1961 2759 2243 2818 Latinum

209 2868 542 2908 sermonem
590 2849 822 2925 aliquid
865 2849 1175 2907 transferri
1224 2849 1419 2907 liceat.
1512 2850 1823 2908 Terentius
1879 2849 2246 2908 comoediam

210 2936 503 2997 Graecam
540 2938 831 2997 Andriam
868 2956 1002 2997 cum
1036 2938 1404 3012 transferret,
1442 2937 1715 2997 adiunxit
1761 2941 1821 2997 et
1857 2937 2243 3012 Perinthiam,
2272 2960 2324 2999 20

209 3046 365 3103 quae
405 3027 596 3086 altera
625 3015 860 3086 'G'rraeca
908 3030 998 3085 est
1044 3026 1366 3087 comoedia.
1439 3027 1510 3085 fit
1555 3043 1696 3105 ergo
1742 3046 1895 3102 reus,
1944 3029 2088 3102 quia
2124 3046 2243 3086 non

209 3115 484 3175 debuerit
529 3118 782 3175 alteram
829 3115 1193 3175 comoediam
1241 3119 1583 3193 contingere
1619 3120 1683 3175 in
1721 3117 2057 3176 comoediae
2096 3116 2243 3175 alte—

206 3208 335 3265 rius
383 3205 796 3265 translatione.
871 3209 962 3265 est
1006 3205 1103 3263 hic
1150 3208 1585 3266 controuersiae
1632 3207 1908 3282 qualitas,
1966 3225 2042 3264 an
2086 3208 2243 3265 iuste

395 3384 422 3431 1
461 3374 739 3446 uersibus]
777 3392 878 3443 pro
916 3375 1131 3428 uiribus
1171 3376 1417 3436 Karsten
1444 3378 1463 3444 ΙΙ
1492 3382 1522 3429 2
1562 3377 1914 3443 exequuntur
1952 3376 2197 3429 Karsten
2225 3379 2242 3446 ΙΙ

209 3454 240 3501 5
272 3447 527 3518 singulas
557 3447 874 3501 comoedias
896 3468 932 3499 α
960 3447 978 3516 ΙΙ
1007 3453 1038 3499 6
1066 3445 1309 3514 primum
1332 3448 1366 3517 β
1398 3448 1405 3516 Ι
1440 3446 1707 3518 <pl-ima>
1730 3463 1947 3516 semper
1961 3448 2206 3501 Karsten
2232 3449 2236 3518 Ι

207 3520 424 3573 tradita
463 3522 551 3573 est
587 3540 624 3572 α
668 3520 687 3586 11
736 3523 801 3571 10
840 3516 932 3572 uel
971 3517 1120 3590 <ut>
1151 3519 1186 3589 β
1234 3519 1241 3587 Ι
1291 3518 1502 3587 populo
1539 3520 1769 3586 poetam
1807 3540 1843 3571 α
1866 3519 1927 3572 F
1974 3519 1992 3587 ΙΙ
2055 3523 2120 3571 16
2158 3535 2241 3571 re-

210 3590 489 3659 spondeat
523 3589 842 3644 maledictis
872 3610 909 3642 α
936 3592 954 3657 ΙΙ
983 3594 1048 3641 21
1090 3605 1222 3657 ergo
1254 3597 1381 3657 post
1415 3606 1543 3642 reus
1573 3590 1626 3642 L
1645 3591 1716 3656 F,
1745 3607 1845 3643 om.
1881 3589 1931 3642 G
1958 3591 1978 3654 ΙΙ
2006 3594 2073 3641 23
2112 3605 2242 3640 con-

207 3662 487 3717 trouersia
524 3664 560 3734 β

1853 3752 1879 3798 1
1894 3746 1920 3773 2⁸
