2661 3940
363 181 404 244 2
409 181 495 245 86
936 180 1312 234 EVGRAPHI
1351 179 1823 235 COMMENTVM

362 352 487 416 tuit,
551 367 725 408 senex
777 353 953 423 pater
1002 350 1238 423 puellae
1294 347 1375 409 de'
1418 367 1479 409 se
1540 351 1718 421 fidem
1769 352 2045 422 promisit
2107 353 2397 424 in-teyram

363 433 526 512 ‘quid
570 456 720 497 uxor
753 444 946 512 peccet
990 443 1096 497 aut
1138 441 1339 510 faciat,
1384 442 1451 498 iu
1493 457 1678 497 mauu
1722 456 1853 497 mea
1897 457 2016 497 uon
2064 444 2160 508 est,
2206 459 2397 513 quan-

361 532 482 585 tum
537 529 616 586 ad
668 545 759 585 me
802 531 1080 601 pertinet:
1133 530 1200 587 iu
1253 532 1464 587 neutra
1518 547 1582 586 re
1636 529 1802 587 uobis
1853 528 2172 601 difficultas
2219 548 2258 586 a
2302 548 2397 588 me

198 621 235 676 6
240 621 280 676 7
284 622 325 676 O
363 612 507 676 erit'.
540 649 624 657 —
665 608 757 675 48
802 635 959 682 QVEM
1001 636 1135 676 IPSE
1179 636 1477 675 NEGLEXIT
1521 636 1706 674 PATER
1753 636 1864 674 Eoo
1910 636 2076 675 Arm
2103 621 2400 691 prospicit

360 709 482 779 coyi
526 724 586 765 se
630 706 992 779 Pamphilus,
1036 709 1102 764 ut
1133 723 1391 778 puerum
1438 706 1610 763 tollat.
1675 707 1826 764 hamc
1870 709 2082 780 reperit
2124 725 2390 776 causam,
2459 730 2491 769 ⁵

360 796 513 868 quod
547 798 804 868 puerum
847 798 982 868 ipsa
1027 799 1214 853 mater
1247 795 1559 868 neclexerit
1595 813 1663 854 ex
1701 813 1778 862 eo,
1826 797 1979 867 quod
2024 797 2209 854 celare
2242 814 2399 868 par-

196 887 324 943 672
360 888 482 941 tum
535 884 802 943 uoluerit.
841 917 925 925 —
986 878 1079 943 50
1132 902 1460 944 PRODEMVS
1528 902 1767 949 QVAESO
1822 883 1919 943 hic
1978 903 2134 943 noua
2199 886 2396 960 suspi-

360 974 525 1031 cione
563 972 867 1049 Pamphili
902 976 1075 1048 pater
1112 974 1368 1046 ducitur,
1397 975 1466 1030 ut
1494 973 1929 1032 adulescentem
1959 973 2160 1032 credat
2189 992 2394 1032 amare

356 1064 727 1132 meretricem
785 1065 845 1121 et
897 1064 1011 1121 hac
1065 1080 1244 1120 causa
1298 1061 1460 1122 nolle
1505 1057 1865 1139 <re>ducere
1922 1080 2179 1122 uxorem.
2253 1063 2391 1121 ideo

192 1154 320 1210 674
360 1150 577 1208 adiecit
634 1144 724 1209 52
774 1170 905 1209 ΝΛΜ
954 1169 1133 1211 coms
1181 1170 1263 1208 EA
1310 1169 1473 1216 QVAE
1520 1169 1684 1210 nono
1732 1170 1811 1211 v¹r
1858 1170 2212 1211 PRAESENTE
2260 1170 2388 1211 Hoc
2424 1175 2490 1214 10

356 1257 621 1306 LOQVAR.
669 1243 729 1298 et
766 1248 857 1299 est
891 1241 1171 1315 inuecti0,
1208 1258 1315 1315 per
1354 1259 1533 1314 quam
1573 1240 1995 1298 coniecturalis
2034 1244 2391 1318 argumenta

357 1329 605 1406 colligit,
671 1330 826 1404 quod
890 1329 1001 1389 hac
1067 1346 1246 1388 causa
1308 1348 1556 1387 uxorem
1619 1329 1809 1387 nollet
1870 1328 2164 1403 reducere,
2225 1330 2389 1405 quod

356 1418 574 1495 diligat
617 1420 1003 1477 meretricem.
1053 1418 1279 1477 scilicet
1326 1436 1363 1474 a
1401 1436 1630 1477 summo
1677 1419 1753 1475 ad
1799 1420 1988 1476 imum
2035 1423 2389 1495 argumenta

357 1506 604 1583 colligit,
634 1508 794 1582 quod
822 1510 1079 1583 primum
1110 1507 1260 1564 dixit
1287 1510 1533 1583 propter
1559 1510 1813 1565 matrem
1840 1508 2000 1566 nolle
2023 1502 2387 1584 <re>ducere

354 1615 617 1669 uxorem,
665 1600 725 1655 et
771 1616 841 1655 ea
887 1614 1069 1655 causa
1114 1596 1353 1654 sublata
1399 1600 1507 1670 est,
1553 1598 1836 1668 siquidem
1870 1598 2144 1669 promisit
2179 1598 2287 1655 illa
2324 1614 2386 1656 se
2422 1621 2487 1660 15

352 1702 459 1743 rus
513 1686 915 1745 discessuram.
989 1704 1147 1744 uwnc
1202 1686 1387 1744 aliam
1440 1684 1663 1760 reperit
1716 1702 1976 1757 causam,
2033 1686 2191 1760 quod
2234 1706 2387 1761 puer

354 1775 508 1833 clam
566 1794 633 1832 eo
693 1777 870 1833 natus
932 1778 1036 1834 est.
1112 1793 1251 1851 ergo
1319 1772 1553 1851 colligit
1613 1792 1803 1833 uanas
1868 1774 2246 1849 suspiciones,
2324 1779 2387 1834 et

354 1882 569 1922 causae
627 1864 863 1938 quidem
919 1867 1247 1938 mutantur,
1312 1866 1372 1921 et
1437 1882 1561 1921 esse
1624 1863 1793 1921 illam
1857 1866 2166 1938 potiorem,
2224 1864 2386 1938 quod

353 1955 605 2012 amicam
648 1954 1017 2012 meretricem
1064 1952 1293 2030 diligat.
1361 1952 1462 2011 sed
1508 1952 1781 2031 iungitur
1817 1972 1951 2011 cum
1988 1953 2384 2030 castigatione

353 2044 658 2116 correctiO,
696 2044 849 2116 quod
885 2045 988 2101 diu
1016 2046 1374 2114 permiserat
1398 2047 1575 2114 pater
1604 2060 1806 2100 amare
1832 2045 2198 2110 meretricem,
2228 2044 2384 2116 quod
2414 2065 2485 2107 20

351 2135 474 2191 iam
520 2134 858 2191 credebatur
905 2150 1024 2190 esse
1069 2137 1370 2205 correctus,
1410 2132 1551 2189 dum
1587 2148 1825 2190 umorem
1861 2133 2123 2190 duxerat.
2176 2132 2384 2192 deiude

187 2223 313 2279 689
351 2222 674 2295 obiuryatio
729 2224 1039 2295 opponitur
1100 2213 1188 2279 67
1250 2238 1411 2279 NVNC
1460 2239 1702 2278 mmm
1759 2239 1914 2278 aras
1927 2240 2005 2279 ru
2052 2240 2131 2278 AD
2194 2240 2381 2279 usas·

354 2329 572 2368 rmosu
613 2329 716 2368 mo
731 2329 868 2368 vrrs
908 2329 1084 2370 TVVM.
1158 2311 1353 2375 sensit,
1402 2311 1553 2382 quod
1600 2310 1743 2368 adeo
1798 2327 1947 2368 uxor
2000 2311 2260 2369 discdssit
2310 2313 2384 2369 de

351 2400 533 2468 domo,
597 2400 796 2458 nullae
842 2417 972 2458 cum
1017 2417 1229 2458 causae
1273 2401 1529 2470 fueraut,
1576 2401 1696 2458 nisi
1741 2401 1881 2470 quia
1928 2402 2205 2457 maritum
2249 2417 2381 2458 sen-

189 2491 314 2547 694
352 2490 493 2546 serit
534 2491 884 2548 meretricem
925 2488 1166 2562 diliyere
1213 2491 1265 2545 et
1307 2488 1520 2546 idcirco
1568 2489 1907 2547 discesserit.
1945 2520 2032 2528 —
2086 2481 2170 2545 72
2208 2507 2380 2549 DABo
2411 2511 2475 2552 25

349 2596 445 2638 Ivs
494 2596 813 2637 IVRANDVM
861 2596 1029 2635 ΝΙΗῙΙ,
1075 2591 1221 2635 ESSE
1264 2595 1431 2635 Isros
1445 2595 1525 2634 VM
1563 2596 1709 2635 mm
1751 2576 2185 2636 circumuentus
2233 2577 2378 2636 adu·

349 2666 573 2725 lescens
631 2667 998 2743 argumentis
1055 2668 1182 2725 solo
1237 2665 1620 2724 iureiurando
1667 2666 1804 2724 uult
1843 2685 1905 2726 se
1941 2668 2064 2739 ipse
2100 2687 2378 2744 purgare.

182 2755 314 2813 705
350 2787 439 2797 --
486 2748 578 2813 83
638 2773 761 2815 cvm
816 2774 955 2813 mut
1011 2773 1104 2813 srr
1169 2772 1232 2813 m
1295 2773 1377 2812 EA
1443 2773 1522 2813 Rs
1584 2774 1879 2815 ADIVTRIX
1937 2772 2085 2827 quae
2140 2759 2192 2814 et
2242 2759 2379 2829 ipsa

181 2848 314 2902 710
350 2845 577 2903 dixerat
613 2844 765 2917 (III
798 2846 855 2911 3,
887 2845 1000 2916 40)
1051 2839 1341 2902 ‘continuo
1375 2861 1530 2917 puer
1578 2839 1926 2917 exponetur'.
1977 2877 2061 2885 —
2120 2838 2211 2903 88
2260 2864 2386 2904 Non

350 2945 560 2994 FAGJLE
585 2945 758 2991 rsus·
786 2952 897 2991 FER
910 2952 1020 2991 VNT
1051 2952 1379 3007 numquam
1414 2933 1692 2992 mulieres
1730 2952 1918 3009 aequo
1948 2933 2146 2991 animo
2176 2935 2380 2992 ferunt
2407 2955 2472 2996 30

528 3072 557 3119 3
586 3070 784 3120 neutra
811 3067 872 3119 in
899 3083 958 3120 re
988 3069 1048 3121 F
1070 3068 1236 3136 (Ter.)
1265 3068 1282 3136 ΙΙ
1311 3074 1344 3119 4
1372 3069 1512 3138 IPSE]
1543 3067 1668 3135 ipsa
1697 3069 1824 3139 leyit
1851 3069 2050 3137 Euyr.‚
2080 3068 2146 3134 cf.
2168 3068 2326 3122 schol.
2360 3070 2377 3137 ΙΙ

349 3144 379 3191 9
408 3139 672 3191 reducere
702 3139 814 3204 W.;
842 3141 922 3193 sic
948 3146 998 3193 et
1024 3141 1180 3205 infra
1207 3140 1225 3206 ΙΙ
1257 3144 1317 3192 11
1351 3155 1453 3206 per
1481 3154 1649 3205 quam
1678 3139 1788 3192 W.:
1823 3155 2165 3207 quamquam
2192 3139 2375 3204 codd.;

348 3226 462 3276 qua.
500 3211 752 3265 Westerh.
783 3213 800 3278 ΙΙ
832 3215 896 3263 14
935 3210 1108 3281 quod]
1147 3226 1278 3263 nam
1317 3230 1354 3262 α
1387 3212 1395 3278 Ι
1428 3210 1631 3264 ducere
1660 3217 1786 3278 post
1814 3225 2043 3263 uxorem
2072 3230 2109 3263 α
2137 3212 2156 3279 ΙΙ
2185 3216 2250 3262 16
2287 3226 2375 3264 re-

346 3281 495 3347 perit
533 3280 702 3334 aliam
742 3302 778 3333 α
812 3285 819 3349 Ι
850 3298 990 3348 puer
1017 3313 1083 3321 —
1115 3282 1222 3351 est]
1260 3283 1484 3348 partum
1534 3281 1740 3334 celauit
1775 3301 1813 3333 α
1868 3284 1885 3350 ΙΙ
1951 3286 2018 3334 18
2054 3282 2243 3350 potius
2281 3302 2318 3333 α
2357 3285 2374 3350 ΙΙ

351 3356 416 3401 19
455 3350 647 3418 diligit
685 3372 721 3404 α
748 3355 766 3419 ΙΙ
795 3358 863 3403 20
901 3353 1233 3419 promiserat
1268 3352 1363 3419 (·it
1400 3354 1480 3420 F)
1518 3353 1688 3417 codd„
1727 3369 1862 3407 corr.
1904 3353 1985 3406 W.
2017 3354 2035 3420 ΙΙ
2064 3358 2130 3405 22
2167 3371 2375 3406 nvnsvu

351 3434 450 3471 om.
484 3421 534 3472 G
562 3423 580 3487 ΙΙ
617 3428 684 3472 24
724 3424 959 3476 senserit
997 3424 1106 3477 W.:
1147 3425 1261 3475 —rat
1298 3424 1449 3477 codd.
1490 3425 1508 3491 ΙΙ
1547 3429 1611 3475 27
1659 3423 1974 3477 iuramento
2023 3441 2080 3477 se
2128 3423 2253 3476 uult
2287 3444 2327 3477 α
2358 3427 2376 3494 ΙΙ

353 3490 419 3534 29
457 3505 594 3551 puer
628 3508 741 3544 nou
778 3500 854 3546 est
895 3495 1012 3546 Ter.
1047 3497 1055 3561 Ι
1098 3495 1396 3561 exponitur
1433 3495 1583 3548 codd.
1612 3497 1630 3563 ΙΙ
1667 3499 1735 3547 30
1773 3511 2080 3561 numquam
2111 3526 2176 3534 —-
2204 3495 2375 3548 mari-

350 3554 557 3624 torum]
587 3560 720 3623 quia
745 3562 1005 3616 mulieres
1034 3582 1339 3631 numquam
1368 3565 1565 3618 uolunt
1594 3581 1628 3618 a
1656 3565 1872 3619 maritis
1900 3566 2010 3619 nisi
2039 3582 2098 3619 se
2131 3565 2306 3619 amari
2335 3588 2376 3621 α
