2661 3940
29 2271 32 2336 1

840 196 1234 268 EVN'vcnvs
1271 213 1295 266 1
1337 219 1386 279 2,
1416 219 1590 267 9—47
2145 215 2231 280 99

191 382 496 440 rationem
560 383 777 441 futuris
842 382 1290 458 quaestionibus
1357 382 1657 442 collocari.-
1745 385 2026 457 quoniam
2093 404 2235 461 ergo

195 471 436 529 dictura
494 477 582 530 est
636 472 877 532 concedi
932 471 1047 530 sibi
1102 471 1314 530 debere
1371 472 1606 546 aliquot
1651 472 1795 546 dieS,
1851 476 1923 530 ut
1967 473 2233 548 puellam

195 562 470 637 recipiat,
518 564 578 619 et
612 560 765 621 hanc
812 561 1088 638 adiungit
1125 578 1384 636 causam,
1422 563 1491 618 ut
1537 563 1658 620 suis
1705 561 2057 637 parentibus
2102 563 2231 621 red·

198 650 329 710 dat:
380 645 544 709 ‘uolo
592 646 772 708 enim'
821 652 1020 727 inquit
1071 646 1317 709 ‘amicos
1365 651 1449 708 sic
1494 669 1706 726 parare
1753 650 2035 710 beneficio
2072 647 2228 710 meo'

199 731 297 816 (cs.
327 759 381 798 v.
417 732 548 819 69).
611 739 746 799 ideo
809 741 1122 816 praemisit
1180 735 1412 798 ‘matris
1477 759 1690 798 nomen
1755 743 1818 799 et
1874 736 2109 815 patris',
2163 745 2233 799 ut
2288 761 2313 800 5

198 829 328 886 ueri
393 830 588 887 simile
644 830 726 888 sit
777 847 950 904 posse
1005 829 1143 887 hinc
1198 831 1476 904 parentes
1523 831 1678 903 sciri,
1727 832 1778 888 si
1822 830 2065 888 nomina
2109 831 2231 889 iam

199 921 492 977 tenentur.
567 917 822 992 denique
870 917 1091 976 adiecit
1137 921 1198 976 et
1243 917 1366 976 alia
1413 919 1584 995 signa
1641 917 1754 977 sibi
1802 920 2045 996 cognita
2090 937 2234 993 esse,

199 1008 341 1082 quia
405 1009 701 1066 mercator
763 1027 830 1066 ex
896 1007 1291 1083 praedonibus
1356 1007 1512 1065 unde
1578 1011 1805 1066 emerat
1867 1027 1929 1067 se
1994 1007 2233 1067 audisse

197 1096 418 1154 dixerit
474 1096 786 1173 abreptam
840 1115 966 1156 esse
1023 1118 1053 1153 e
1112 1096 1312 1155 Sunio.
1391 1090 1624 1154 ‘Sunio'
1686 1099 1886 1155 autem
1940 1095 2234 1173 intelligit

195 1187 393 1244 locum
439 1205 626 1261 prope
664 1185 933 1244 Athenas
977 1188 1148 1243 iuxta
1193 1204 1358 1242 mare
1406 1185 1780 1243 collocatum.
1828 1186 1985 1244 redit
2027 1203 2231 1244 rursus
2262 1206 2315 1245 ιο

196 1275 274 1333 ad
340 1276 657 1349 affectum,
724 1274 883 1349 quod
947 1274 1094 1334 dicit
1158 1274 1272 1332 sibi
1335 1275 1702 1333 carissimam
1763 1292 1888 1334 esse
1951 1275 2232 1350 puellam,

195 1384 331 1422 cum
399 1367 594 1422 mater
657 1365 742 1422 sic
806 1382 935 1422 eam
994 1363 1355 1438 educauerit,
1407 1366 1474 1421 ut
1529 1364 1806 1439 opinione
1854 1364 2064 1441 populi
2106 1364 2234 1423 filia

195 1453 511 1512 diceretur.
559 1453 699 1511 inde
746 1454 955 1511 narrat
990 1453 1315 1512 discessum
1355 1471 1555 1511 suum:
1603 1454 1825 1512 excitat
1861 1454 2038 1528 enim,
2075 1454 2232 1529 quod

194 1562 333 1601 cum
387 1542 625 1618 hospite
670 1542 939 1602 Athenas
994 1542 1242 1616 uenerit,
1299 1543 1404 1617 qui
1461 1541 1576 1601 sibi
1621 1541 1767 1603 haec
1813 1543 2032 1616 omnia,
2079 1561 2234 1617 quae

193 1631 457 1690 habebat
501 1631 803 1705 meretrix,
850 1631 1183 1706 dereliquit.
1252 1650 1432 1706 quam
1478 1650 1603 1689 rem
1652 1630 1892 1707 quidem
1941 1651 2059 1690 non
2107 1631 2234 1691 sine
2263 1652 2314 1693 16

195 1739 379 1780 causa
415 1720 660 1779 uidetur
718 1721 1018 1794 adiecisse,
1065 1720 1167 1780 sed
1215 1724 1284 1779 ut
1330 1720 1685 1794 ostenderet,
1732 1723 1960 1796 quanta
2005 1739 2236 1796 semper
2342 1755 2346 1762 ,

192 1810 464 1869 mercede
496 1810 717 1868 dilecta
745 1811 843 1883 sit,
863 1814 931 1868 ut
959 1810 1306 1868 adulescens
1337 1809 1659 1886 intelligat,
1678 1829 1795 1867 non
1822 1828 1884 1869 se
1907 1810 2233 1868 maximum
2274 1836 2279 1848 2

193 1918 412 1958 munus
459 1899 708 1974 dedisse,
755 1918 889 1959 cum
933 1899 1141 1957 uideat
1184 1902 1426 1956 tantum
1473 1898 1686 1957 donari
1734 1900 2048 1957 meretrici.
2120 1899 2235 1958 hoc

194 1990 441 2067 quidem
499 2008 707 2048 seruus
762 1992 945 2066 negat
998 1990 1226 2047 factum
1284 1989 1485 2047 dicens
1551 1992 1612 2047 et
1671 1987 1976 2047 dominum
2042 1989 2234 2047 multa

194 2080 465 2140 donasse.
514 2078 785 2137 concedit
829 2078 1044 2136 mulier
1089 2082 1149 2137 et
1196 2078 1271 2136 ad
1316 2078 1720 2136 narrationem
1767 2077 1927 2136 redit
1979 2080 2041 2136 et
2085 2078 2235 2136 dicit
2262 2099 2316 2139 20

193 2170 532 2245 profectum
588 2169 845 2226 militem
901 2171 1228 2226 amatorem
1283 2185 1458 2225 suum
1511 2162 1656 2244 <et>
1703 2166 1779 2225 ad
1836 2166 2232 2227 adulescentis

194 2258 528 2316 Phaedriae
585 2256 864 2315 notitiam
919 2275 980 2316 se
1037 2275 1193 2314 nunc
1252 2258 1610 2332 peruenisse.
1675 2275 1798 2331 qua
1851 2256 1917 2313 in
1965 2276 2029 2313 re
2078 2274 2233 2316 com-

29 2341 159 2421 '127
193 2348 442 2405 mendat
479 2346 762 2419 animum,
800 2366 934 2405 cum
971 2346 1118 2404 dicit
1164 2337 1253 2403 47
1298 2364 1457 2404 '1⁸an
1506 2361 1637 2404 sc1s
1674 2361 1830 2404 Pos'r
1868 2363 2015 2403 ILLA
2062 2362 2232 2411 QVAM

195 2454 466 2494 mvi-mvn
531 2453 786 2493 HABEAM
853 2454 933 2493 'rm
996 2454 1075 2492 ET
1130 2452 1259 2492 MEA
1316 2451 1602 2493 consum
1656 2452 1736 2492 v'r
1792 2452 1919 2492 'mn
1981 2451 2233 2493 GREDAM

197 2543 413 2583 oum.
460 2526 661 2602 pergit
706 2524 1069 2583 narrationis
1115 2529 1317 2599 partes
1365 2525 1678 2582 uniuersas
1716 2524 2028 2599 complere,
2077 2524 2234 2599 quod
2261 2543 2314 2584 25

196 2618 439 2672 mortua
503 2616 693 2671 matre
757 2615 948 2672 frater
1010 2616 1280 2671 materna
1345 2613 1504 2672 bona
1560 2614 1877 2686 inuaserit,
1936 2614 2233 2691 uirginem

194 2702 657 2762 uenumdederit
702 2705 762 2760 et
808 2704 1136 2778 speciosam
1183 2721 1252 2761 ac
1298 2703 1556 2778 peritam
1602 2703 1768 2775 artis,
1816 2702 1974 2778 quod
2019 2701 2232 2762 fidibus

195 2792 396 2864 sciret,
454 2791 665 2851 deinde
722 2792 880 2867 quod
936 2810 1068 2849 eam
1122 2792 1225 2849 ille
1274 2794 1508 2849 amator
1566 2808 1706 2850 suus
1771 2793 1982 2850 emerit
2042 2791 2231 2865 mileS,

193 2881 357 2956 quod
417 2882 650 2939 uenerit
704 2885 764 2939 et
817 2884 1130 2954 irascatur,
1188 2880 1349 2956 quod
1402 2882 1682 2938 meretrix
1739 2882 2000 2955 coeperit
2046 2881 2232 2938 alium
2283 2922 2285 2925 ι

192 2976 531 3029 amatorem
565 2969 798 3028 habere.
849 2969 947 3028 hic
984 2970 1443 3046 intelligendum
1483 2970 1700 3027 acriter
1734 2969 1885 3026 illud
1925 2972 2032 3043 est,
2072 2969 2230 3045 quod
2259 2989 2313 3028 so

192 3109 342 3173 (sscr.
374 3104 471 3157 uel
508 3106 657 3170 cum)
685 3105 755 3170 F,
795 3120 922 3157 cum
958 3105 1071 3157 rell.
1110 3106 1129 3172 11
1167 3109 1197 3155 2
1236 3103 1441 3156 debere
1480 3103 1588 3157 sibi
1627 3123 1664 3155 α
1690 3106 1710 3172 11
1752 3108 1782 3155 6
1818 3102 2072 3171 parentis
2109 3106 2228 3172 (om.

192 3176 349 3245 sciri)
380 3177 433 3229 L
454 3175 535 3228 V¹
563 3179 583 3245 11
628 3180 659 3228 9
699 3174 934 3228 Sunium
961 3179 1013 3230 2.
1044 3176 1106 3229 F
1134 3177 1142 3243 1
1174 3173 1467 3243 intelligiit
1507 3175 1576 3240 G,
1614 3174 1792 3243 -gitur
1827 3195 1865 3227 α
1905 3176 1924 3243 11
1972 3178 2038 3226 10
2074 3173 2231 3227 locus

230 3245 588 3301 ‚collocatus
618 3267 655 3299 α
683 3249 702 3315 11
732 3252 797 3299 12
829 3263 953 3299 eam
984 3246 1063 3300 sic
1094 3246 1213 3301 FG
1233 3267 1270 3298 α
1297 3248 1316 3314 11
1307 3248 1412 3313 114
1452 3245 1672 3299 uenerit
1700 3245 1893 3327 (rite)
1923 3264 1960 3298 α
1993 3246 2002 3313 1
2035 3245 2134 3312 qui
2162 3245 2230 3311 G,

191 3334 345 3387 quae
372 3318 484 3372 rell.
516 3321 535 3387 11
566 3323 631 3372 15
652 3316 878 3390 <illa(-·
863 3336 883 3370 1
916 3316 1053 3385 VB‘)
1120 3317 1385 3371 meretrix
1405 3338 1439 3369 α
1475 3321 1481 3385 1
1516 3315 1858 3384 derelinquit
1876 3316 1986 3371 LG
2011 3315 2017 3388 Ι
2043 3316 2187 3388 <illa

190 3407 306 3443 non
339 3410 377 3441 α
405 3393 424 3457 11
456 3394 521 3442 19
552 3391 610 3443 et
638 3406 737 3443 om.
761 3409 798 3443 α
824 3393 939 3458 11120
970 3323 1053 3442 de)
1081 3390 1190 3442 isse
1210 3389 1366 3458 FG!
1399 3387 1659 3441 concedit
1687 3388 1790 3442 W.
1819 3386 2031 3440 -tendit
2059 3404 2211 3513 qu.
2219 3391 2227 3530 ἱ

194 3460 433 3586 {2103
432 3477 580 3587 ἵε
610 3461 785 3600 512222
798 3459 1756 3590 <W>112<22251⁸hz12¹0
1765 3459 2063 3513 Μ
2136 3530 2187 3584 G
2212 3533 2232 3598 ,,

195 3627 265 3675 25
304 3624 550 3691 pergunt
591 3620 659 3687 G,
696 3606 867 3689 pergit
886 3621 1062 3691 igitur
1098 3620 1152 3675 V
1842 3687 1909 3740 7·
