2661 3940
4 1232 138 1295 327

6 2306 144 2363 330

852 252 1134 307 ANDRIA
1174 253 1226 307 Π
1265 261 1311 321 1,
1345 258 1553 307 15-30
2127 253 2213 317 33

176 423 480 496 respondit
532 440 713 496 quam
755 424 1019 495 primum
1062 418 1310 497 potuit.†
1407 423 1510 480 sed
1558 420 1846 482 Charinus
1894 423 1971 481 ad
2015 441 2216 499 preces

177 514 440 570 uertitur
486 514 550 570 et
585 513 742 586 petit
776 531 846 570 ex
881 531 1045 571 more
1079 512 1542 587 postulantium,
1587 531 1705 588 quo
1752 530 1984 588 semper
2017 515 2216 585 primo

180 620 335 677 quae
380 601 614 660 maiora
659 605 797 660 sunt
842 601 1115 677 petimus,
1163 600 1372 660 deinde
1419 620 1489 660 ea
1527 619 1679 676 quae
1707 584 2001 660 uolumus
2055 619 2215 669 nam,

179 693 269 749 uti
314 708 501 763 supra
549 689 630 763 (v.
682 682 795 770 13)
840 691 1004 764 dixit,
1062 690 1359 749 Charinus
1411 691 1561 749 nihil
1614 691 1781 749 aliud
1826 710 1865 750 a
1909 691 2217 764 Pamphilo

179 779 449 853 cupiebat
490 781 611 837 wisi
654 783 723 837 ut
765 779 985 851 aliquot
1026 781 1230 838 saltem
1273 782 1497 852 nuptiis
1540 782 1835 854 proferret
1887 782 2024 839 dies
2116 781 2221 838 hoo
2275 801 2302 840 5

178 871 364 942 ὀφίων
417 886 549 926 oum
605 868 888 927 desiderio
949 871 1042 942 sit,
1106 869 1333 942 aliquid
1400 870 1653 943 amplius
1696 872 1895 942 primo
1939 869 2218 943 postulat,

178 961 333 1016 siout
373 959 650 1025 diximus
698 961 840 1033 quia
875 958 1057 1016 moris
1105 961 1211 1032 est,
1256 961 1326 1017 ut
1369 977 1477 1035 per
1519 961 1719 1034 partes
1755 960 1949 1034 primo
1990 953 2216 1036 <maio-

179 1044 313 1124 ra>,
359 1047 571 1106 deinde
620 1047 779 1121 quod
813 1048 1089 1107 uolumus
1136 1048 1524 1123 postulemUS,
1578 1052 1647 1106 ut
1692 1047 1743 1106 si
1789 1049 2069 1125 negatum
2123 1049 2218 1126 fu·-

181 1139 320 1210 erit,
364 1137 525 1212 quod
560 1138 754 1212 primo
791 1137 1047 1212 petitum
1095 1139 1192 1211 sit,
1237 1138 1362 1195 iam
1397 1137 1613 1212 pudori
1650 1137 1730 1196 sit
1766 1155 1802 1194 a
1842 1155 1956 1212 quo
1994 1136 2220 1212 petitur

179 1226 494 1302 denegare.
559 1226 753 1301 primo
789 1227 947 1300 petit
993 1217 1080 1283 27
1131 1245 1210 1284 m:
1257 1244 1457 1284 DVCAs
1503 1229 1708 1299 inquit,
1756 1226 2008 1284 seeundo
2057 1244 2111 1284 SI
2153 1245 2219 1283 11)
2250 1247 2301 1285 ιο

180 1334 311 1374 nois
372 1334 611 1373 Pornsr
674 1333 796 1374 AVT
857 1333 982 1372 'nm
1040 1333 1306 1373 NVPTIAE
1362 1334 1485 1372 ΗΑΒ
1544 1334 1698 1374 svm*
1760 1331 1950 1374 coam
1997 1333 2228 1372 samm!

181 1422 325 1470 ALJQ
338 1423 441 1462 νοτ
499 1423 723 1462 PROFER
776 1423 916 1461 oms
968 1423 1006 1460 D
1021 1422 1101 1461 VM
1150 1423 1523 1462 Paomozseffl
1580 1422 1714 1469 Αιιρ
1728 1423 1792 1462 νο
1844 1424 1924 1462 NE
1988 1423 2219 1462 VIDEAM.

179 1497 288 1553 Ιιοο
328 1498 424 1562 est,
463 1495 615 1567 quod
657 1495 858 1566 fuerat
879 1495 1188 1566 petiturus.
1274 1494 1549 1552 similiter
1602 1496 1663 1552 et
1706 1493 1856 1552 Iuno
1915 1493 1987 1551 ab
2034 1492 2221 1552 Aeolo

182 1583 524 1659 postulauit
580 1583 794 1659 primo,
851 1582 1008 1658 quod
1062 1602 1347 1660 magnum
1411 1586 1502 1642 est
1565 1573 1767 1664 (Vero.
1824 1580 1971 1640 Aen.
2028 1583 2074 1639 I
2110 1574 2220 1663 69)

185 1668 415 1731 ‘incute
479 1673 606 1729 uim
660 1673 856 1731 uentis
912 1671 1361 1747 submersasque
1419 1672 1598 1731 obrue
1644 1667 1927 1748 puppes'3
1989 1673 2079 1730 ita
2134 1691 2221 1730 se·
2252 1692 2302 1732 15

184 1761 382 1821 eundo
430 1762 560 1821 loeo
608 1761 768 1837 quod
813 1759 1056 1820 nolebat
1107 1761 1263 1837 petit
1317 1753 1392 1841 (I
1433 1753 1547 1842 70)
1606 1756 1735 1820 ‘aut
1790 1780 1899 1838 age
1956 1761 2222 1819 diuersos
2343 1770 2346 1771 ’

185 1856 250 1910 et
297 1850 510 1909 dissice
557 1868 808 1926 corpora
852 1845 1090 1925 ponto’:
1146 1852 1257 1909 hoe
1304 1869 1561 1926 namque
1616 1850 2008 1924 desiderabat,
2064 1849 2225 1924 quod

186 1939 440 2001 Troiani
499 1939 577 1999 ad
631 1939 876 1999 Italiam
930 1958 1048 1998 non
1103 1941 1377 1999 uenirent
1430 1958 1501 1999 ae
1554 1942 1870 2016 propterea
1925 1939 2222 2016 disperge·

184 2033 414 2089 rentur.
478 2030 619 2088 huic
654 2030 846 2106 igitur
879 2027 1161 2105 petitioni
1195 2029 1515 2105 respondet
1550 2029 1900 2104 Pamphilus
1931 2028 2227 2104 patienter

184 2124 255 2177 ut
302 2119 479 2178 amici
526 2137 706 2192 more,
764 2121 834 2176 ut
878 2138 997 2178 non
1044 2120 1189 2193 quia
1224 2119 1471 2194 petierit
1508 2116 1819 2191 Charinus,
1855 2119 2068 2177 ideirco
2104 2136 2233 2176 non⁴
2254 2139 2305 2177 20

185 2209 271 2267 sit
321 2225 453 2267 eam
496 2208 782 2267 ducturus
827 2225 1082 2282 uxorem,
1121 2207 1223 2266 sed
1271 2226 1332 2266 eo
1380 2207 1539 2282 quod
1581 2210 1706 2281 ipse
1751 2226 1882 2265 eam
1918 2207 2072 2266 nolit
2118 2208 2225 2265 du-

186 2316 318 2357 cere
360 2315 601 2356 uxorem
647 2290 741 2355 30
787 2314 910 2355 EGO
960 2314 1227 2354 anmNE
1274 2315 1636 2363 Nnv'vaAM
1694 2314 1976 2354 OFFJGJVM
2032 2315 2233 2354 LIBERI

189 2406 445 2446 Hounvzs
496 2405 643 2443 Essa·
695 2404 841 2443 PVTO
899 2404 1022 2444 em
1071 2404 1129 2443 ts
1180 2405 1351 2444 NIHIL
1405 2404 1722 2444 MEREATVR
1777 2404 1919 2443 Posr
1928 2405 2113 2443 VLARE
2165 2405 2227 2443 m

191 2496 455 2536 GRATIAE
505 2489 647 2533 Pom
696 2494 820 2533 SIBI
861 2475 959 2533 hic
1014 2493 1217 2533 sensus
1264 2477 1586 2533 maximam
1630 2475 2022 2534 intentionem
2078 2474 2224 2533 desi·

187 2567 381 2625 derat.
458 2560 798 2623 ‘mereatur'
839 2565 1099 2639 primum
1143 2564 1255 2623 hoo
1293 2569 1383 2623 est
1419 2566 1709 2640 praestat:
1757 2564 2031 2622 merendo
2071 2565 2227 2621 enim
2257 2584 2308 2624 25

186 2658 555 2732 praestatur,
609 2654 762 2711 unde
816 2652 1110 2730 Virgilius
1159 2645 1334 2733 (Aen.
1383 2655 1490 2712 IV
1538 2645 1922 2734 333—335)
1971 2648 2103 2731 ‘ego
2150 2655 2228 2721 te,

189 2763 353 2821 quae
416 2744 681 2819 plurima
744 2742 924 2801 fando
982 2762 1324 2801 enumerare
1385 2763 1459 2818 u.,
1505 2762 1561 2801 n.
1608 2763 1653 2800 r.
1702 2762 1757 2800 n.
1818 2737 2225 2817 promeritam’

189 2835 258 2893 id
316 2836 409 2892 est
464 2832 847 2908 praestitisse.
940 2850 1080 2909 ergo
1144 2832 1240 2889 hie
1296 2834 1411 2890 erit
1470 2850 1698 2891 sensus:
1765 2850 1891 2909 eg0,
1957 2829 2228 2904 Charine,

191 2943 319 2983 non
358 2922 616 2980 arbitror
650 2920 823 2979 liberi
862 2922 1118 2979 hominis
1156 2920 1421 2979 officium
1467 2940 1610 2995 esse,
1655 2924 1725 2979 ut
1760 2921 1912 2978 nihil
1948 2922 2228 2996 praestet,

383 3081 410 3127 1
453 3073 553 3128 sed
581 3072 878 3143 Charinus]
909 3071 1061 3140 quod
1087 3075 1153 3126 ut
1180 3071 1279 3126 ille
1308 3072 1605 3139 intellexit,
1636 3089 1693 3126 se
1724 3092 1761 3125 α
1788 3075 1807 3141 ΙΙ
1835 3077 1865 3124 2
1895 3071 2139 3125 uertitur
2157 3071 2229 3137 F,

194 3147 299 3201 -tit
334 3146 449 3201 rell.
483 3149 492 3215 1
525 3146 707 3214 prima
735 3146 789 3198 L
824 3146 841 3213 ΙΙ
889 3149 920 3197 5
957 3143 1224 3212 cupiebat
1260 3146 1332 3210 F,
1369 3145 1553 3213 -piens
1592 3145 1658 3209 L,
1698 3143 1816 3212 -pio
1860 3144 1910 3197 G
1954 3145 1972 3211 ΙΙ
2019 3148 2047 3194 7
2088 3142 2230 3215 (et)

196 3220 339 3288 quia
376 3239 413 3271 α
447 3222 454 3287 Ι
488 3218 703 3271 maiora
739 3216 868 3271 add.
901 3217 984 3271 W.
1014 3219 1032 3285 ΙΙ
1062 3222 1124 3269 11
1167 3217 1326 3285 potes
1357 3218 1418 3271 F
1444 3220 1453 3284 Ι
1488 3215 1641 3269 cordi
1671 3214 1866 3287 (eto.)
1886 3235 1923 3267 α
1950 3216 1967 3283 ΙΙ
1999 3220 2063 3267 12
2102 3231 2230 3283 pro-

197 3290 438 3361 fer<at>
459 3290 514 3343 L
541 3292 560 3358 ΙΙ
592 3294 656 3341 14
684 3289 864 3358 primo
890 3289 956 3353 G,
977 3288 1128 3356 (add.
1153 3286 1246 3341 uel
1273 3287 1539 3356 primum)
1568 3288 1642 3354 F,
1670 3303 1789 3339 -um
1819 3287 1870 3339 L
1891 3306 1928 3338 α
1956 3287 1973 3353 ΙΙ
2005 3291 2069 3337 17
2099 3303 2230 3338 nam

199 3363 330 3418 LF
349 3364 370 3431 11
400 3366 466 3416 19
504 3361 806 3428 respondet
843 3361 912 3426 L,
951 3359 1063 3412 -dit
1097 3361 1213 3413 rell.
1242 3362 1260 3427 11
1290 3364 1358 3412 20
1395 3359 1483 3429 ut]
1523 3358 1673 3425 quod
1711 3378 1748 3410 α
1781 3359 1787 3425 Ι
1822 3356 2093 3409 Charinus
2133 3374 2228 3425 pe-

198 3433 362 3488 tierit
398 3453 435 3486 α
481 3435 499 3501 ΙΙ
555 3438 620 3485 21
661 3432 736 3485 sit
772 3430 1065 3518 ducturus]
1102 3446 1216 3483 non
1254 3430 1426 3483 ducat
1461 3437 1588 3484 ante
1623 3445 1735 3482 non
1773 3428 1907 3496 quia
1945 3449 1981 3481 α
2014 3431 2021 3495 Ι
2055 3428 2229 3498 quod]

198 3506 340 3574 quia
375 3525 414 3558 α
476 3506 495 3573 ΙΙ
560 3509 627 3556 25
664 3504 879 3557 mereat
915 3504 969 3556 B
991 3504 1045 3556 B
1079 3503 1132 3555 V
1186 3504 1192 3570 Ι
1242 3502 1499 3570 praestat
1533 3501 1798 3568 Schwen:
1836 3499 2014 3553 instat
2051 3500 2229 3564 codd.;

198 3582 469 3644 exspectes
505 3576 755 3644 praestet
780 3576 799 3643 ΙΙ
829 3579 894 3627 29
932 3591 1046 3627 non
1081 3576 1220 3642 puto
1260 3590 1381 3627 esse
1411 3572 1657 3627 officium
1686 3571 1849 3624 liberi
1877 3569 2119 3623 hominis
2159 3590 2195 3622 α
2221 3571 2225 3637 Ι

198 3649 291 3720 ut]
332 3665 459 3701 cum
491 3647 542 3702 G

312 3757 485 3797 Donati
511 3767 670 3796 comm.
700 3765 787 3795 ree.
816 3755 1088 3795 Wessner,
1117 3755 1194 3792 111
1222 3756 1258 3793 1.
1880 3734 1911 3780 3
