2661 3940
878 241 1162 296 ANDRIA
1196 242 1248 295 11
1283 248 1335 311 5,
1367 248 1523 308 1-e‚
1555 248 1619 299 18
2170 243 2257 305 43

1221 462 1277 524 6.

70 592 200 650 432
409 582 445 646 l
496 606 604 648 mc
670 607 832 649 NVNC
897 608 982 647 m:
1050 607 1275 648 onnon·
1339 591 1485 649 haee
1558 608 1770 649 scaena
1842 590 2008 649 dolos
2080 589 2262 648 habet

228 680 537 754 utriusque
591 697 898 754 personae,
957 680 1113 739 senis
1168 683 1229 738 et
1272 679 1448 737 Daui.
1540 697 1791 752 namque
1843 679 1940 737 ille
1997 681 2259 751 inquirit,

230 787 307 826 an
360 769 527 840 filius
582 785 753 841 aeyre
814 771 972 842 ferat
1032 770 1185 840 quod
1246 770 1516 841 facturus
1581 772 1663 826 est
1721 772 1994 842 nuptia-³2,-
2059 772 2259 826 contra

228 858 435 916 callide
478 873 690 916 seruus
732 859 1036 930 respondet
1076 875 1195 931 non
1231 861 1465 916 omnino
1507 875 1748 931 neytms,
1800 876 1874 916 ne
1917 859 2092 930 fidem
2119 875 2257 930 pro-

229 948 345 1014 dat,
409 947 513 1005 sed
570 964 690 1006 esse
744 947 909 1020 apud
961 948 1336 1020 Pamphilum
1388 948 1829 1006 sollicitudinem
1890 948 2056 1006 dicit:
2117 965 2257 1004 nam
2315 966 2339 1006 ⁶

227 1035 349 1095 iam
385 1036 678 1112 cogitatio
716 1039 807 1095 est
844 1036 1003 1111 quod
1038 1037 1430 1112 praeteritum
1474 1037 1672 1094 fuerat
1717 1036 2028 1111 dimisisse,
2086 1038 2146 1094 et
2194 1039 2260 1093 ut

226 1125 357 1184 ueri
420 1124 615 1183 simile
678 1125 888 1200 faciat,
965 1127 1189 1200 quanto
1254 1125 1370 1184 sibi
1433 1124 1704 1184 dedecori
1768 1143 1892 1185 esse
1954 1127 2259 1201 putauerit

226 1215 377 1287 quod
443 1231 641 1272 amore
701 1216 1052 1274 meretricem
1097 1216 1386 1288 dilexerit,
1448 1215 1794 1287 Pamphilus
1866 1217 2140 1287 coyitauit
2211 1219 2263 1273 et

227 1304 413 1361 nimia
473 1304 790 1380 temporis
823 1305 1056 1363 ratione
1111 1305 1449 1379 compulsus
1503 1305 1637 1362 uult
1692 1303 1904 1362 ducere
1963 1305 2258 1362 uxorem*

228 1396 290 1450 at
337 1391 504 1451 Simo
551 1411 729 1450 senex
774 1395 958 1451 animi
1015 1393 1441 1471 cogitationem
1491 1393 1739 1452 metitur
1783 1413 1855 1451 ex
1909 1394 2108 1466 uultu,
2167 1395 2260 1450 uti
2289 1413 2339 1451 ιο

229 1481 391 1541 dicat
425 1486 604 1554 pater
663 1481 856 1540 filium
911 1501 1085 1560 aegre
1143 1484 1313 1556 ferre,
1373 1482 1532 1557 quod
1585 1482 1885 1542 subtristis
1941 1485 2031 1540 est
2077 1483 2258 1541 uisus.

229 1570 322 1629 hic
369 1570 524 1628 fiunt
571 1571 741 1646 quasi
786 1591 894 1646 per
939 1572 1340 1631 coniecturam
1378 1574 1745 1649 argumenta,
1794 1591 1898 1631 cur
1932 1573 2124 1631 tristis
2162 1573 2257 1630 sit.

230 1660 331 1720 sed
383 1660 534 1718 haec
590 1663 680 1719 est
731 1679 872 1735 pars
927 1679 967 1719 a
1002 1651 1379 1735 proponente,
1446 1680 1596 1736 quae
1663 1661 1884 1719 dicitur
1938 1682 1972 1718 a
2029 1679 2258 1719 summo

232 1749 305 1807 ad
376 1751 583 1807 imum.
700 1749 968 1824 sequitur
1040 1769 1253 1810 causae
1319 1750 1642 1809 deriuatio:
1714 1751 1815 1808 ille
1890 1749 2047 1808 enim
2113 1750 2260 1808 dicit

229 1838 462 1897 tristem
501 1856 624 1897 esse
661 1841 908 1914 propter
942 1841 1204 1915 nuptias,
1251 1840 1348 1898 hic
1385 1841 1670 1914 supponit
1697 1841 1946 1898 alteram
1999 1857 2259 1911 causam,
2291 1859 2339 1897 15

233 1947 439 2005 quam-
468 1927 727 2003 quidem,
792 1929 1074 2004 quoniam
1127 1931 1505 2006 repentinum
1564 1933 1654 1989 est
1705 1927 1864 2005 quod
1910 1928 2128 1989 obiecit
2173 1947 2259 1989 se-

76 2019 197 2076 449
232 2037 356 2092 nex,
402 2018 507 2076 diu
557 2036 843 2093 quaerens
891 2018 1110 2077 Dauus
1155 2021 1340 2078 multa
1384 2022 1623 2092 promit,
1677 2020 1803 2078 de‘co
1869 2011 1957 2077 18
2008 2038 2276 2077 ΡιἘΒιιΕ

234 2127 337 2164 aesz·
379 2153 392 2164 .
428 2153 439 2163 .
473 2153 483 2164 .
515 2126 717 2166 mna:
769 2108 908 2166 haec
959 2110 1307 2180 inquirentis
1362 2112 1500 2166 sunt
1552 2110 1694 2181 quid
1738 2110 2095 2181 respondeat.
2185 2109 2258 2167 ad

229 2199 595 2270 postremum
647 2196 1078 2255 deriuationem
1125 2216 1337 2257 causae
1372 2199 1523 2256 hanc
1558 2200 1755 2274 ponit,
1802 2197 1961 2272 quod
2007 2197 2260 2255 nimium

229 2304 402 2359 parce
467 2290 643 2362 pater
705 2286 891 2345 faciat
953 2289 1283 2363 sumptum,
1349 2306 1483 2345 cum
1545 2287 1670 2345 filio
1734 2287 1939 2345 tradat
2000 2306 2257 2345 uxorem.
2289 2305 2341 2343 20

232 2375 399 2433 addit
459 2393 695 2450 causas,
756 2376 914 2450 quod
968 2378 1264 2435 neminem
1320 2396 1389 2434 ex
1445 2376 1651 2434 amicis
1703 2379 1875 2434 uocet
1922 2376 1998 2434 ad
2054 2395 2260 2434 cenam

102 2586 199 2638 442
234 2603 268 2634 oc
291 2581 406 2652 *[9]
449 2581 521 2634 11
562 2599 655 2634 vu
691 2580 750 2634 id
781 2583 866 2635 est
892 2582 1128 2647 ratione,
1157 2584 1223 2634 ut
1248 2580 1523 2650 Virgilius
1553 2583 1711 2651 (Aen.
1743 2583 1784 2634 I
1789 2583 1840 2634 V
1862 2585 1993 2650 478)
2026 2582 2257 2646 ‘inueni,

445 2668 731 2721 germana,
768 2652 960 2706 uiam'.

414 2837 442 2884 1
478 2851 574 2884 mc
606 2864 670 2871 —
703 2832 916 2902 onnon]
966 2830 1216 2900 aliquam
1263 2830 1372 2884 sibi
1419 2831 1704 2884 fallaciam
1750 2835 1976 2900 portare
2018 2832 2146 2885 add.
2175 2831 2258 2895 F;

232 2911 402 2959 totwm
422 2903 522 2958 oin.
540 2905 593 2958 L
609 2904 661 2957 G
686 2905 704 2970 ΙΙ
733 2908 763 2955 2
784 2902 1021 2969 inquirit
1045 2904 1155 2957 W.:
1185 2902 1374 2970 inquit
1391 2903 1543 2956 codd.
1573 2905 1591 2972 ΙΙ
1621 2909 1650 2954 3
1672 2919 1731 2957 es
1752 2903 1906 2958 codd.
1935 2905 1952 2970 ΙΙ
1981 2909 2013 2955 4
2032 2918 2257 2971 respon-

233 2975 318 3028 dit
345 2975 498 3030 codd.
535 2978 542 3043 Ι
574 2991 645 3027 ne
674 2975 1002 3029 Lindenbra
1043 2974 1141 3028 sed.
1169 2975 1238 3040 L,
1276 2973 1376 3027 sed
1412 2976 1477 3028 ut
1507 2974 1577 3040 F,
1617 2973 1665 3027 si
1697 2974 1748 3027 G
1780 2978 1858 3044 'p
1861 2975 2027 3028 rodat
2064 2974 2130 3042 (it
2163 2973 2257 3042 G)]

232 3047 436 3115 perdat
458 3047 577 3100 edd.
606 3048 624 3114 ΙΙ
652 3051 684 3098 5
714 3045 813 3098 sed
842 3061 941 3098 om
958 3046 1020 3100 F
1042 3049 1060 3115 ΙΙ
1089 3051 1119 3098 6
1151 3046 1423 3114 cogitatio
1445 3048 1531 3099 est
1552 3048 1664 3100 W..-
1693 3046 2014 3116 cognitione
2033 3045 2144 3098 LB
2157 3044 2259 3111 VS,

230 3152 326 3189 -ne
355 3134 513 3200 FB',
553 3135 637 3187 -ni
669 3134 721 3188 G
753 3138 760 3202 Ι
793 3134 1185 3216 praeteritum]
1214 3136 1364 3203 ptrm
1394 3137 1465 3200 Β,
1503 3137 1658 3204 pctm
1689 3135 1757 3200 G,
1794 3135 2005 3203 poterit
2040 3133 2100 3187 id
2138 3135 2260 3186 tum

231 3208 284 3261 L
325 3210 344 3275 ΙΙ
392 3212 421 3258 ’ἱ
461 3207 562 3259 fiat
599 3226 636 3258 α
677 3208 684 3273 Ι
727 3205 988 3259 dedecori
1026 3206 1088 3272 V,
1128 3206 1255 3259 dec·
1290 3207 1404 3260 rell.
1461 3207 1479 3272 ΙΙ
1538 3211 1603 3258 10
1642 3207 1840 3277 animi]
1878 3206 2059 3260 amico
2098 3206 2253 3276 LF!

232 3276 612 3359 cognitionem
643 3276 704 3329 F
725 3279 743 3346 ΙΙ
783 3283 844 3329 11
887 3276 1041 3330 uisus
1081 3279 1166 3330 est
1204 3297 1240 3328 α
1267 3279 1285 3346 ΙΙ
1324 3282 1391 3329 13
1431 3280 1517 3331 est
1554 3295 1653 3331 om.
1685 3279 1720 3348 β
1756 3281 1774 3347 ΙΙ
1814 3283 1877 3330 17
1918 3277 2140 3344 quaerit
2177 3298 2214 3329 α
2247 3279 2254 3348 1

137 3359 145 3376 ‘
232 3348 443 3418 promit
477 3348 624 3402 edd:
663 3347 948 3417 promittit
984 3349 1135 3403 codd
1171 3351 1178 3416 Ι
1213 3348 1339 3401 dico
1377 3366 1479 3403 om.
1508 3350 1570 3404 F
1601 3351 1619 3417 ΙΙ
1660 3355 1725 3402 18
1763 3348 1906 3402 nihil
1936 3350 2047 3421 <ne
2085 3348 2259 3420 hem>

232 3421 384 3475 codd.
414 3447 482 3465 ==
513 3421 590 3473 II
610 3424 660 3485 6,
686 3425 719 3473 4
746 3423 764 3489 ΙΙ
794 3425 859 3472 19
890 3435 1117 3473 causam
1148 3420 1257 3474 ocF
1284 3422 1291 3487 1
1326 3420 1479 3488 quod
1516 3423 1649 3489 (qua
1676 3422 1748 3487 L,
1786 3438 1897 3488 qua
1930 3421 2000 3488 G)
2032 3453 2096 3460 —
2127 3437 2259 3473 uxo·

235 3494 375 3561 rem]
415 3492 498 3545 ait
533 3490 768 3544 nimium
805 3507 972 3559 parce
1008 3491 1195 3545 facere
1229 3494 1514 3560 sumptum
1544 3512 1580 3543 α
1608 3493 1626 3559 ΙΙ
1654 3498 1718 3544 21
1761 3492 1913 3559 quod
1943 3524 2007 3531 —
2039 3492 2258 3559 cenam]

237 3563 386 3631 quod
424 3562 541 3616 filio
579 3578 690 3616 non
726 3562 953 3616 uidetur
988 3579 1218 3616 uxorem
1257 3564 1408 3629 dare,
1449 3563 1598 3631 quod
1637 3563 1915 3616 neminem
1955 3563 2259 3615 amicorum

238 3651 438 3689 uocare
465 3634 644 3703 possit
671 3655 709 3687 α
741 3637 748 3703 Ι
781 3636 946 3687 uocet
973 3636 1302 3690 Lindenbr.:
1337 3636 1421 3687 -at
1449 3635 1600 3688 codd.
