2661 3940
424 220 553 284 140
991 218 1367 273 EVGRAPHI
1405 217 1876 273 COMMEN'I'VM

251 392 379 450 926
423 393 514 449 tes
544 391 851 448 enumerat
878 381 923 446 4
965 406 1115 454 QVOD
1143 407 1213 447 EI
1231 406 1482 446 AMOREJI
1503 405 1963 447 DIEEIOIDDIIIVII
1986 406 2064 445 EI·
2100 405 2481 446 OAEISSIIIVJI

416 498 455 536 A
481 496 819 537 IIEEETEIOE
843 496 1044 536 AVAEA
1082 495 1375 536 VIRGINEM
1409 495 1576 542 QVAII
1604 495 1847 535 AMABAT
1879 495 2009 535 EAII
2042 494 2295 536 OONEEOI
2326 495 2479 535 SINE

415 586 706 626 IIODESI’IA
743 586 883 626 SINE
918 585 1155 625 SVIIPTV
1190 584 1328 625 SINE
1363 584 1693 625 DISPENDlo.
1741 567 1843 625 Sed
1876 567 2032 626 haec.
2053 568 2228 639 quasi
2252 584 2472 638 parua

416 659 583 716 dicit:
650 656 803 715 illud
861 655 1117 715 maxime
1177 655 1512 731 prouidisse
1573 656 1895 733 gloriatur,
1954 655 2473 732 quemadmodum

419 746 763 805 adulescens
808 749 934 804 iam
978 746 1356 804 meretricum
1409 745 1654 823 ingenia
1709 747 1771 804 et
1816 763 2011 804 mores
2057 749 2469 822 cognosceret,
2540 763 2568 803 5

250 837 375 896 924
413 837 525 910 uti,
552 854 688 894 cum
716 834 1109 912 cognouisset,
1138 852 1372 910 semper
1401 833 1638 894 odisset.
1667 865 1755 875 —
1795 827 1836 891 2
1889 851 2040 899 QVOD
2070 852 2135 892 SI
2153 852 2312 892 ASTV
2334 852 2479 892 Μαι

418 942 639 983 TRAOTA
651 942 748 983 VIT
787 923 942 997 quod
985 919 1123 1001 (si)
1168 925 1292 996 ipse
1325 941 1440 996 per
1486 925 1766 982 astutiam
1810 928 1864 983 et
1907 924 2282 982 calliditatem
2314 940 2469 996 per-

250 1015 380 1073 930
415 1015 553 1086 fecit
593 1031 733 1072 rem.
769 1045 859 1054 —
908 1005 951 1072 8
997 1031 1066 1071 Π)
1112 1031 1274 1072 VERO
1322 1031 1435 1070 ESI·
1483 1031 1632 1071 MIHI
1683 1031 1833 1078 QVOD
1878 1030 1993 1071 EGO
2039 1031 2186 1070 PVTO
2233 1031 2467 1070 PADIIA-

415 1122 573 1161 EIVII
611 1104 715 1162 hoc
762 1106 867 1161 est:
923 1102 1083 1177 quod
1142 1121 1252 1178 ego
1301 1101 1559 1160 arbitror
1603 1101 1754 1160 mihi
1800 1119 1926 1161 esse
1973 1102 2318 1178 gloriosum,
2370 1101 2467 1160 ibi

250 1195 379 1252 936
415 1192 682 1269 palmam
737 1191 946 1250 debere
1003 1191 1350 1250 summam*
1388 1223 1472 1232 —-
1527 1182 1616 1248 14
1671 1208 2049 1250 movnmvu'r
2094 1192 2217 1249 iam
2271 1208 2466 1266 supra
2504 1211 2567 1251 ιο

420 1274 530 1362 (ΙΙ
563 1283 624 1349 ,2,
656 1272 728 1362 4)
775 1281 935 1339 dixi:
980 1280 1198 1339 leuiter
1244 1280 1407 1339 cibos
1452 1282 1728 1358 tangunt.
1777 1281 1874 1339 cui
1921 1280 2286 1339 contrarium
2334 1280 2463 1339 ab·

250 1372 380 1430 939
417 1370 719 1448 ligurrire‚
765 1369 926 1446 quod
973 1369 1273 1446 significat
1320 1369 1644 1428 absumere.
1689 1400 1764 1411 —
1823 1361 2076 1435 l'YQvo
2122 1386 2325 1428 PAo'ro
2374 1388 2470 1427 Ex

419 1478 564 1518 IVRE
607 1477 913 1518 EESTEENO
960 1460 1250 1535 expressit
1293 1461 1673 1517 meretricum
1720 1459 1941 1534 sordeS‚
1989 1476 2139 1534 quas
2182 1460 2249 1516 in
2284 1458 2465 1518 domo

413 1550 639 1617 habent,
697 1547 988 1624 siquidem
1034 1551 1272 1624 praeter
1316 1550 1514 1607 cetera
1570 1550 1631 1606 et
1682 1549 1779 1607 ius
1820 1548 1986 1607 dixit
2042 1548 2391 1607 hesternum
2401 1547 2463 1622 ²⁸,

414 1640 509 1697 uel
555 1638 708 1711 quod
754 1638 828 1696 ab
875 1641 1136 1696 amatore
1172 1637 1414 1696 tulerint
1448 1642 1554 1696 aut
1591 1640 1658 1696 in
1693 1637 1861 1696 domo
1897 1637 2082 1708 fuerit
2115 1655 2185 1696 ac
2218 1654 2461 1696 remoen-
2499 1655 2555 1696 ιε

249 1729 379 1787 942
414 1730 570 1801 serit,
617 1727 771 1800 quod
823 1728 972 1799 foris
1028 1729 1383 1786 cenauermt.
1428 1758 1504 1767 —
1558 1719 1652 1784 20
1708 1744 1780 1784 Vr
1830 1745 1912 1785 NE
1957 1745 2065 1784 [ΜΡ
2073 1744 2187 1785 VNE
2234 1745 2303 1785 IN
2342 1744 2468 1784 NOS

248 1818 378 1876 943
417 1836 514 1876 ιιι,
527 1834 731 1887 VSERIS
771 1834 846 1874 ne
889 1819 1017 1875 sine
1050 1833 1248 1888 poena
1292 1817 1460 1874 nobis
1494 1818 1784 1875 &nimiam
1819 1817 2042 1888 feceris,
2074 1847 2157 1855 —-
2199 1807 2287 1873 21
2327 1833 2460 1875 Pno

413 1924 588 1964 DEVM
633 1924 827 1964 mmm
875 1923 1130 1963 EAOINVS
1165 1924 1316 1963 EOED
1328 1924 1411 1963 VII
1450 1905 1593 1963 dum
1631 1900 1933 1983 egreditur
1968 1904 2237 1981 Pythias,
2276 1903 2462 1982 fingit

414 1997 854 2056 adulescentem
868 1994 1192 2054 Chaeream
1208 1997 1374 2054 intus
1393 1998 1636 2071 captum
1657 1997 1718 2054 et
1733 2013 1844 2071 pro
1861 1996 2108 2054 moecho
2127 1994 2457 2070 deprehen·

415 2105 545 2146 sum
563 2102 821 2158 poenam
850 2102 917 2143 ex
944 2085 1355 2144 consuetudine
1370 2101 1716 2157 passurum,
1742 2104 1859 2160 quo
1887 2084 2126 2143 facilius
2154 2083 2457 2143 Parmeno
2494 2103 2556 2143 20
2614 2121 2619 2130 ‚

248 2159 377 2215 946
413 2177 728 2234 terreatur.
765 2205 855 2214 —
903 2165 995 2231 24
1039 2192 1195 2239 QVAE
1229 2191 1465 2232 FVTVRA
1504 2190 1727 2232 DIGVNI’
1756 2191 2048 2232 EXEMPLA
2087 2192 2157 2232 IN
2187 2191 2318 2231 EVII
2357 2192 2453 2232 IN·

415 2282 600 2322 DIGNA
646 2263 1035 2338 exemplum
1081 2262 1380 2340 significat
1425 2281 1671 2340 grauem
1706 2281 1980 2338 poenam,
2031 2262 2259 2321 scilicet
2294 2281 2455 2337 quae

416 2353 627 2413 ceteris
691 2352 881 2428 possit
936 2370 1060 2412 esse
1117 2353 1468 2427 exemplum.
1551 2371 1693 2409 nam
1746 2354 1875 2428 ipse
1929 2354 2068 2427 post
2113 2343 2210 2433 (V
2244 2354 2300 2419 6,
2328 2344 2452 2433 21)

247 2426 373 2483 951
415 2444 499 2501 sic
528 2442 676 2500 dicit
696 2437 969 2516 ‘uterque
995 2443 1060 2499 in
1079 2444 1141 2499 te
1163 2441 1432 2517 exempla
1461 2436 1678 2499 edent.'
1700 2474 1785 2481 —
1808 2433 1901 2498 29
1931 2458 2232 2500 vmonmu
2259 2458 2454 2501 1s⁷rAu

415 2549 631 2589 THAIDI
681 2548 837 2595 QVAE
889 2548 1076 2588 HODIE
1118 2549 1269 2588 DONO
1325 2549 1480 2588 DATA
1525 2548 1637 2588 ESI·
1681 2548 1808 2589 SOIS
1852 2548 2035 2588 ISTAM
2078 2548 2267 2589 OIVEII
2304 2547 2459 2588 ESSE
2488 2548 2548 2588 85

413 2621 507 2679 uti
562 2620 837 2678 uitiatori
892 2622 1114 2678 crimen
1173 2620 1486 2692 increscat,
1541 2618 1690 2678 dicit
1740 2613 2039 2696 uirginem
2086 2638 2212 2679 esse
2257 2620 2456 2677 ciuem

414 2715 475 2768 et
531 2711 656 2766 eius
711 2709 960 2767 fratrem
1016 2708 1455 2766 adulescentem
1511 2726 1637 2767 esse
1693 2708 1972 2784 nobilem,
2022 2709 2126 2784 qui
2183 2708 2263 2768 ad
2315 2710 2453 2766 win-

413 2843 597 2915 oe*[1o]
634 2858 767 2896 nam
802 2842 953 2896 idem
993 2845 1080 2896 est
1115 2841 1458 2911 palmarium
1495 2842 1648 2910 quod
1684 2842 1878 2912 palma
1918 2844 2005 2911 (cf.
2037 2842 2256 2912 Schlee).

461 2915 596 2986 *[14]
636 2914 788 2983 quod
827 2914 1113 2983 significat
1149 2931 1357 2982 aquam
1392 2914 1663 2985 pinguem
1701 2916 1809 2983 (hic
1845 2915 2047 2969 desinit
2083 2912 2196 2983 B').

591 3046 617 3092 1
658 3058 714 3092 ΕΙ
751 3056 851 3093 om.
884 3039 1004 3094 LG
1038 3041 1057 3107 ΙΙ
1102 3046 1135 3093 4
1174 3038 1673 3111 quemadmodum]
1709 3041 1776 3093 ut
1811 3046 1849 3092 ὰ
1876 3041 1895 3108 ΙΙ
1924 3044 1956 3092 5
1994 3041 2052 3093 et
2087 3040 2290 3107 mores]
2327 3054 2449 3093 mo-

406 3127 609 3180 resque
648 3131 684 3164 α
739 3113 757 3179 ΙΙ
822 3116 852 3164 6
890 3109 978 3164 uti
1014 3112 1084 3177 L,
1121 3114 1187 3164 ut
1221 3113 1336 3166 rell.
1384 3112 1402 3180 ΙΙ
1469 3116 1496 3164 7
1538 3111 1586 3164 si
1625 3110 1754 3165 add.
1786 3111 1869 3165 W.
1905 3113 1914 3179 Ι
1959 3109 2213 3178 perficiet
2248 3110 2402 3165 codd.
2432 3113 2452 3181 ΙΙ

408 3188 441 3236 8
471 3202 567 3237 Esr
596 3200 696 3238 om.
719 3184 773 3237 L
799 3183 818 3252 ΙΙ
848 3187 914 3235 10
945 3183 1244 3254 summam]
1275 3181 1420 3236 sumi
1449 3203 1486 3235 α
1520 3185 1527 3251 Ι
1560 3181 1699 3253 iam]
1719 3185 1784 3235 ut
1812 3202 1849 3234 α
1877 3184 1896 3251 ΙΙ
1927 3188 1989 3235 11
2022 3180 2341 3251 alligurrire
2370 3202 2409 3235 οι
2433 3185 2454 3253 ΙΙ

410 3261 476 3308 15
506 3253 849 3308 retulerint?
876 3255 895 3323 ΙΙ
926 3258 989 3307 17
1019 3255 1144 3326 rao]
1164 3271 1310 3309 nova
1326 3270 1526 3309 scaena
1544 3256 1744 3321 incipit
1761 3254 1825 3307 in
1842 3254 1905 3308 F
1924 3255 1943 3322 11
1972 3257 2040 3307 20
2068 3269 2279 3322 poenas
2298 3253 2452 3325 FGss

409 3331 476 3377 22
516 3325 823 3396 significat]
863 3325 1005 3379 dicit
1041 3346 1078 3378 α
1106 3329 1124 3391 ΙΙ
1153 3331 1220 3378 23
1260 3341 1382 3379 esse
1418 3325 1600 3393 possit
1632 3326 1740 3379 Ga
1774 3327 1781 3394 Ι
1815 3325 1977 3397 (ad)
2007 3323 2327 3393 exemplum
2364 3345 2403 3377 α
2440 3328 2447 3395 Ι

406 3395 529 3462 ipse
567 3427 634 3435 —
674 3396 814 3450 dicit
849 3396 983 3465 (·xit
1018 3398 1072 3451 L
1094 3398 1186 3467 G)]
1226 3396 1370 3451 alias
1409 3396 1554 3450 dixit
1589 3417 1626 3449 α
1681 3398 1699 3465 ΙΙ
1755 3402 1824 3450 24
1862 3396 2120 3465 exempla
2152 3396 2214 3449 in
2251 3397 2310 3451 te
2347 3396 2410 3450 F
2439 3399 2448 3467 Ι

412 3463 547 3515 dent
584 3466 842 3536 LG1125
880 3467 1049 3521 hodie
1086 3485 1231 3537 quae
1273 3470 1467 3538 61126
1505 3470 1572 3521 ut
1609 3488 1645 3521 α
1673 3470 1692 3538 ΙΙ
1721 3473 1787 3520 27
1828 3483 1949 3521 esse
1987 3470 2065 3537 (et
2102 3469 2159 3537 α)
2197 3466 2452 3522 nobilem

411 3539 537 3612 ante
583 3535 701 3587 eius
737 3537 917 3604 codd.;
966 3541 1023 3592 et
1068 3539 1314 3593 nobilem
1355 3546 1484 3610 post
1522 3538 1678 3593 adul·
1718 3546 1878 3609 repet.
1909 3560 1947 3593 α
1978 3543 1987 3609 Ι
2020 3540 2093 3593 ad
2128 3539 2451 3594 uindictam

413 3617 510 3666 qui
547 3605 717 3668 codd,
745 3613 953 3675 transp.
988 3610 1071 3665 W
1319 3629 1322 3630 ⁷
