<?xml version="1.0" encoding="UTF-8"?>
<!DOCTYPE html PUBLIC "-//W3C//DTD XHTML 1.0 Transitional//EN"
    "http://www.w3.org/TR/xhtml1/DTD/xhtml1-transitional.dtd">
<html xmlns="http://www.w3.org/1999/xhtml" xml:lang="en" lang="en">
 <head>
  <title>
</title>
<meta http-equiv="Content-Type" content="text/html;charset=utf-8" />
  <meta name='ocr-system' content='tesseract 3.04.00' />
  <meta name='ocr-capabilities' content='ocr_page ocr_carea ocr_par ocr_line ocrx_word'/>
</head>
<body>
  <div class='ocr_page' id='page_1' title='image "./aelidonatiqvodf00donagoog/aelidonatiqvodf00donagoog_0253.png"; bbox 0 0 2661 3940; ppageno 0'>
   <div class='ocr_carea' id='block_1_1' title="bbox 596 230 2312 299">
    <p class='ocr_par' dir='ltr' id='par_1_1' title="bbox 596 230 2312 299">
     <span class='ocr_line' id='line_1_1' title="bbox 596 230 2312 299; baseline 0.002 -16"><span class='ocrx_word' id='word_1_1' title='bbox 596 230 950 286; x_wconf 82' lang='lat' dir='ltr'>HEAVTON</span> <span class='ocrx_word' id='word_1_2' title='bbox 988 230 1525 285; x_wconf 80' lang='lat' dir='ltr'><strong>TIMORVMENOS</strong></span> <span class='ocrx_word' id='word_1_3' title='bbox 1561 231 1639 284; x_wconf 89' lang='lat' dir='ltr'>IV</span> <span class='ocrx_word' id='word_1_4' title='bbox 1679 237 1727 297; x_wconf 82' lang='lat'>7,</span> <span class='ocrx_word' id='word_1_5' title='bbox 1757 237 1913 299; x_wconf 87' lang='lat'>8—8‚</span> <span class='ocrx_word' id='word_1_6' title='bbox 1945 237 2012 285; x_wconf 84' lang='grc'>24</span> <span class='ocrx_word' id='word_1_7' title='bbox 2185 231 2312 296; x_wconf 81' lang='grc'>201</span> 
     </span>
    </p>
   </div>
   <div class='ocr_carea' id='block_1_2' title="bbox 81 401 2471 2975">
    <p class='ocr_par' dir='ltr' id='par_1_2' title="bbox 81 401 2471 1904">
     <span class='ocr_line' id='line_1_2' title="bbox 271 401 2315 466; baseline 0.001 -9"><span class='ocrx_word' id='word_1_8' title='bbox 271 418 445 458; x_wconf 71' lang='lat' dir='ltr'>mc</span> <span class='ocrx_word' id='word_1_9' title='bbox 496 416 661 466; x_wconf 82' lang='lat' dir='ltr'><strong>QVAE</strong></span> <span class='ocrx_word' id='word_1_10' title='bbox 707 418 871 460; x_wconf 83' lang='lat' dir='ltr'>APVD</span> <span class='ocrx_word' id='word_1_11' title='bbox 920 420 999 460; x_wconf 72' lang='grc' dir='ltr'>ΤΕ</span> <span class='ocrx_word' id='word_1_12' title='bbox 1053 420 1168 460; x_wconf 75' lang='lat' dir='ltr'>nsr</span> <span class='ocrx_word' id='word_1_13' title='bbox 1229 419 1598 459; x_wconf 78' lang='lat' dir='ltr'><em>GLITIPHONIS</em></span> <span class='ocrx_word' id='word_1_14' title='bbox 1641 419 1753 458; x_wconf 63' lang='grc' dir='ltr'>ΕΒΓ</span> <span class='ocrx_word' id='word_1_15' title='bbox 1793 419 1974 459; x_wconf 62' lang='lat' dir='ltr'>Amen</span> <span class='ocrx_word' id='word_1_16' title='bbox 2024 404 2094 460; x_wconf 87' lang='lat' dir='ltr'>ut</span> <span class='ocrx_word' id='word_1_17' title='bbox 2138 401 2315 460; x_wconf 87' lang='lat' dir='ltr'>facile</span> 
     </span>
     <span class='ocr_line' id='line_1_3' title="bbox 274 487 2316 565; baseline 0.001 -19"><span class='ocrx_word' id='word_1_18' title='bbox 274 487 490 547; x_wconf 90' lang='lat' dir='ltr'>docere</span> <span class='ocrx_word' id='word_1_19' title='bbox 536 491 732 565; x_wconf 88' lang='lat' dir='ltr'>possit</span> <span class='ocrx_word' id='word_1_20' title='bbox 772 509 971 550; x_wconf 91' lang='lat' dir='ltr'>senem</span> <span class='ocrx_word' id='word_1_21' title='bbox 1007 510 1127 549; x_wconf 90' lang='lat' dir='ltr'>non</span> <span class='ocrx_word' id='word_1_22' title='bbox 1164 510 1303 550; x_wconf 92' lang='lat' dir='ltr'>uere</span> <span class='ocrx_word' id='word_1_23' title='bbox 1344 490 1421 549; x_wconf 89' lang='lat' dir='ltr'>ad</span> <span class='ocrx_word' id='word_1_24' title='bbox 1457 491 1700 565; x_wconf 89' lang='lat' dir='ltr'>nuptias</span> <span class='ocrx_word' id='word_1_25' title='bbox 1739 491 1867 565; x_wconf 75' lang='lat' dir='ltr'>peti</span> <span class='ocrx_word' id='word_1_26' title='bbox 1902 489 2091 549; x_wconf 89' lang='lat' dir='ltr'>filiam</span> <span class='ocrx_word' id='word_1_27' title='bbox 2128 508 2316 564; x_wconf 88' lang='lat' dir='ltr'>suam,</span> 
     </span>
     <span class='ocr_line' id='line_1_4' title="bbox 274 578 2314 658; baseline 0 -21"><span class='ocrx_word' id='word_1_28' title='bbox 274 578 382 637; x_wconf 91' lang='lat' dir='ltr'>sed</span> <span class='ocrx_word' id='word_1_29' title='bbox 437 579 535 636; x_wconf 91' lang='lat' dir='ltr'>uti</span> <span class='ocrx_word' id='word_1_30' title='bbox 590 578 938 655; x_wconf 76' lang='lat' dir='ltr'>nuptiarum</span> <span class='ocrx_word' id='word_1_31' title='bbox 994 581 1191 658; x_wconf 84' lang='lat' dir='ltr'>gratia</span> <span class='ocrx_word' id='word_1_32' title='bbox 1247 580 1615 638; x_wconf 74' lang='lat' dir='ltr'>adulescenti</span> <span class='ocrx_word' id='word_1_33' title='bbox 1670 579 1803 638; x_wconf 90' lang='lat' dir='ltr'>dari</span> <span class='ocrx_word' id='word_1_34' title='bbox 1855 580 2048 655; x_wconf 88' lang='lat' dir='ltr'>possit</span> <span class='ocrx_word' id='word_1_35' title='bbox 2107 598 2314 657; x_wconf 86' lang='lat' dir='ltr'>argen-</span> 
     </span>
     <span class='ocr_line' id='line_1_5' title="bbox 273 664 2315 745; baseline 0 -19"><span class='ocrx_word' id='word_1_36' title='bbox 273 670 426 741; x_wconf 87' lang='lat' dir='ltr'>tum,</span> <span class='ocrx_word' id='word_1_37' title='bbox 474 671 900 728; x_wconf 74' lang='lat' dir='ltr'><strong>commemorat</strong></span> <span class='ocrx_word' id='word_1_38' title='bbox 948 664 1180 745; x_wconf 76' lang='lat' dir='ltr'>‘nempe</span> <span class='ocrx_word' id='word_1_39' title='bbox 1226 669 1393 743; x_wconf 90' lang='lat' dir='ltr'>haec,</span> <span class='ocrx_word' id='word_1_40' title='bbox 1450 686 1600 745; x_wconf 90' lang='lat' dir='ltr'>quae</span> <span class='ocrx_word' id='word_1_41' title='bbox 1658 668 1817 745; x_wconf 90' lang='lat' dir='ltr'>apud</span> <span class='ocrx_word' id='word_1_42' title='bbox 1873 671 1932 728; x_wconf 92' lang='lat' dir='ltr'>te</span> <span class='ocrx_word' id='word_1_43' title='bbox 1990 671 2095 743; x_wconf 93' lang='lat' dir='ltr'>est,</span> <span class='ocrx_word' id='word_1_44' title='bbox 2145 667 2315 727; x_wconf 71' lang='lat' dir='ltr'>cliu-</span> 
     </span>
     <span class='ocr_line' id='line_1_6' title="bbox 272 754 2471 836; baseline 0.003 -23"><span class='ocrx_word' id='word_1_45' title='bbox 272 755 494 832; x_wconf 89' lang='lat' dir='ltr'>phonis</span> <span class='ocrx_word' id='word_1_46' title='bbox 543 758 736 817; x_wconf 89' lang='lat' dir='ltr'>amica</span> <span class='ocrx_word' id='word_1_47' title='bbox 783 754 916 833; x_wconf 88' lang='lat' dir='ltr'>est&#39;,</span> <span class='ocrx_word' id='word_1_48' title='bbox 963 760 1054 817; x_wconf 91' lang='lat' dir='ltr'>uti</span> <span class='ocrx_word' id='word_1_49' title='bbox 1102 777 1174 817; x_wconf 89' lang='lat' dir='ltr'>ex</span> <span class='ocrx_word' id='word_1_50' title='bbox 1220 759 1330 833; x_wconf 86' lang='lat' dir='ltr'>his,</span> <span class='ocrx_word' id='word_1_51' title='bbox 1379 776 1532 834; x_wconf 90' lang='lat' dir='ltr'>quae</span> <span class='ocrx_word' id='word_1_52' title='bbox 1579 756 1738 833; x_wconf 90' lang='lat' dir='ltr'>apud</span> <span class='ocrx_word' id='word_1_53' title='bbox 1779 777 1910 816; x_wconf 91' lang='lat' dir='ltr'>eam</span> <span class='ocrx_word' id='word_1_54' title='bbox 1948 760 2118 836; x_wconf 87' lang='lat' dir='ltr'>gesta</span> <span class='ocrx_word' id='word_1_55' title='bbox 2156 761 2313 833; x_wconf 86' lang='lat' dir='ltr'>sunt,</span> <span class='ocrx_word' id='word_1_56' title='bbox 2370 779 2393 820; x_wconf 74' lang='lat'><strong>5</strong></span> <span class='ocrx_word' id='word_1_57' title='bbox 2465 768 2471 774; x_wconf 82' lang='grc'><strong><em>’</em></strong></span> 
     </span>
     <span class='ocr_line' id='line_1_7' title="bbox 275 846 2316 920; baseline 0.001 -16"><span class='ocrx_word' id='word_1_58' title='bbox 275 847 431 905; x_wconf 89' lang='lat' dir='ltr'>sciat</span> <span class='ocrx_word' id='word_1_59' title='bbox 476 846 856 907; x_wconf 83' lang='lat' dir='ltr'>Menedemus</span> <span class='ocrx_word' id='word_1_60' title='bbox 913 866 1039 907; x_wconf 88' lang='lat' dir='ltr'>esse</span> <span class='ocrx_word' id='word_1_61' title='bbox 1095 848 1415 906; x_wconf 87' lang='lat' dir='ltr'>fallaciam.</span> <span class='ocrx_word' id='word_1_62' title='bbox 1489 848 1642 920; x_wconf 77' lang='lat' dir='ltr'>quod</span> <span class='ocrx_word' id='word_1_63' title='bbox 1695 849 1875 919; x_wconf 82' lang='lat' dir='ltr'>refert</span> <span class='ocrx_word' id='word_1_64' title='bbox 1925 848 2017 907; x_wconf 76' lang='lat' dir='ltr'>illi</span> <span class='ocrx_word' id='word_1_65' title='bbox 2069 848 2169 906; x_wconf 81' lang='lat' dir='ltr'>ille</span> <span class='ocrx_word' id='word_1_66' title='bbox 2214 850 2316 920; x_wconf 78' lang='lat' dir='ltr'>qui</span> 
     </span>
     <span class='ocr_line' id='line_1_8' title="bbox 81 929 2313 997; baseline 0 -2"><span class='ocrx_word' id='word_1_67' title='bbox 81 937 235 995; x_wconf 82' lang='lat'>856</span> <span class='ocrx_word' id='word_1_68' title='bbox 276 937 503 994; x_wconf 82' lang='lat' dir='ltr'>nescire</span> <span class='ocrx_word' id='word_1_69' title='bbox 539 937 864 996; x_wconf 77' lang='lat' dir='ltr'>crederetur</span> <span class='ocrx_word' id='word_1_70' title='bbox 907 937 1174 997; x_wconf 77' lang='lat' dir='ltr'>Chremes</span> <span class='ocrx_word' id='word_1_71' title='bbox 1216 929 1305 995; x_wconf 83' lang='lat'>15</span> <span class='ocrx_word' id='word_1_72' title='bbox 1347 956 1410 994; x_wconf 79' lang='lat' dir='ltr'>m</span> <span class='ocrx_word' id='word_1_73' title='bbox 1447 955 1557 994; x_wconf 78' lang='lat' dir='ltr'>EST</span> <span class='ocrx_word' id='word_1_74' title='bbox 1598 955 1920 996; x_wconf 76' lang='lat' dir='ltr'>PROFECTO</span> <span class='ocrx_word' id='word_1_75' title='bbox 1967 955 2035 994; x_wconf 81' lang='grc' dir='ltr'>Π)</span> <span class='ocrx_word' id='word_1_76' title='bbox 2080 941 2313 995; x_wconf 79' lang='lat' dir='ltr'>AMICAE</span> 
     </span>
     <span class='ocr_line' id='line_1_9' title="bbox 278 1025 2315 1102; baseline 0.001 -21"><span class='ocrx_word' id='word_1_77' title='bbox 278 1042 575 1098; x_wconf 75' lang='lat' dir='ltr'>DABI&#39;rvR,</span> <span class='ocrx_word' id='word_1_78' title='bbox 622 1026 720 1084; x_wconf 92' lang='lat' dir='ltr'>uel</span> <span class='ocrx_word' id='word_1_79' title='bbox 768 1026 1173 1085; x_wconf 88' lang='lat' dir='ltr'>confirmantis</span> <span class='ocrx_word' id='word_1_80' title='bbox 1219 1026 1707 1102; x_wconf 71' lang='lat' dir='ltr'>pronuntiatione</span> <span class='ocrx_word' id='word_1_81' title='bbox 1755 1025 1943 1101; x_wconf 78' lang='lat' dir='ltr'>accipi</span> <span class='ocrx_word' id='word_1_82' title='bbox 1980 1027 2179 1101; x_wconf 87' lang='lat' dir='ltr'>potest</span> <span class='ocrx_word' id='word_1_83' title='bbox 2213 1026 2315 1084; x_wconf 93' lang='lat' dir='ltr'>uel</span> 
     </span>
     <span class='ocr_line' id='line_1_10' title="bbox 278 1115 2314 1192; baseline 0 -21"><span class='ocrx_word' id='word_1_84' title='bbox 278 1116 455 1189; x_wconf 80' lang='lat' dir='ltr'>quasi</span> <span class='ocrx_word' id='word_1_85' title='bbox 510 1133 643 1174; x_wconf 89' lang='lat' dir='ltr'>cum</span> <span class='ocrx_word' id='word_1_86' title='bbox 702 1116 1102 1175; x_wconf 72' lang='lat' dir='ltr'>affirmatione</span> <span class='ocrx_word' id='word_1_87' title='bbox 1155 1117 1604 1192; x_wconf 77' lang='lat' dir='ltr'>interrogantiS,</span> <span class='ocrx_word' id='word_1_88' title='bbox 1653 1118 1727 1174; x_wconf 90' lang='lat' dir='ltr'>ut</span> <span class='ocrx_word' id='word_1_89' title='bbox 1769 1116 1924 1173; x_wconf 88' lang='lat' dir='ltr'>iuste</span> <span class='ocrx_word' id='word_1_90' title='bbox 1971 1115 2314 1174; x_wconf 91' lang='lat' dir='ltr'>conclusum</span> 
     </span>
     <span class='ocr_line' id='line_1_11' title="bbox 83 1196 2394 1269; baseline 0.001 -7"><span class='ocrx_word' id='word_1_91' title='bbox 83 1205 238 1263; x_wconf 86' lang='grc'>858</span> <span class='ocrx_word' id='word_1_92' title='bbox 275 1197 410 1262; x_wconf 71' lang='lat' dir='ltr'>sit*</span> <span class='ocrx_word' id='word_1_93' title='bbox 467 1222 750 1263; x_wconf 68' lang='lat' dir='ltr'>semem*</span> <span class='ocrx_word' id='word_1_94' title='bbox 806 1222 1118 1264; x_wconf 79' lang='lat' dir='ltr'>DATVRVM.</span> <span class='ocrx_word' id='word_1_95' title='bbox 1157 1235 1246 1245; x_wconf 94' lang='lat'>—-</span> <span class='ocrx_word' id='word_1_96' title='bbox 1289 1196 1375 1262; x_wconf 79' lang='grc'>17</span> <span class='ocrx_word' id='word_1_97' title='bbox 1430 1221 1677 1269; x_wconf 72' lang='lat' dir='ltr'>vaws</span> <span class='ocrx_word' id='word_1_98' title='bbox 1733 1222 1943 1262; x_wconf 75' lang='lat' dir='ltr'>TAMEN</span> <span class='ocrx_word' id='word_1_99' title='bbox 1998 1223 2112 1262; x_wconf 68' lang='grc' dir='ltr'>[ΑΜ</span> <span class='ocrx_word' id='word_1_100' title='bbox 2158 1222 2315 1262; x_wconf 60' lang='lat' dir='ltr'>uuo</span> <span class='ocrx_word' id='word_1_101' title='bbox 2343 1225 2394 1265; x_wconf 84' lang='lat'>10</span> 
     </span>
     <span class='ocr_line' id='line_1_12' title="bbox 279 1293 2313 1370; baseline 0.001 -21"><span class='ocrx_word' id='word_1_102' title='bbox 279 1309 313 1357; x_wconf 80' lang='lat' dir='ltr'><strong><em>Q</em></strong></span> <span class='ocrx_word' id='word_1_103' title='bbox 327 1312 448 1351; x_wconf 70' lang='lat' dir='ltr'>mu</span> <span class='ocrx_word' id='word_1_104' title='bbox 489 1312 655 1352; x_wconf 79' lang='grc' dir='ltr'><em>ΗνΝσ</em></span> <span class='ocrx_word' id='word_1_105' title='bbox 695 1313 995 1352; x_wconf 69' lang='grc' dir='ltr'><em>ΑΜῙΤΤΕΒΕ</em></span> <span class='ocrx_word' id='word_1_106' title='bbox 1035 1294 1178 1353; x_wconf 88' lang='lat' dir='ltr'>licet</span> <span class='ocrx_word' id='word_1_107' title='bbox 1222 1294 1506 1352; x_wconf 85' lang='lat' dir='ltr'>damnum</span> <span class='ocrx_word' id='word_1_108' title='bbox 1551 1294 1858 1370; x_wconf 83' lang='lat' dir='ltr'>intelligat</span> <span class='ocrx_word' id='word_1_109' title='bbox 1901 1311 2078 1352; x_wconf 82' lang='lat' dir='ltr'>senex</span> <span class='ocrx_word' id='word_1_110' title='bbox 2119 1296 2179 1352; x_wconf 87' lang='lat' dir='ltr'>et</span> <span class='ocrx_word' id='word_1_111' title='bbox 2216 1293 2313 1351; x_wconf 92' lang='lat' dir='ltr'>de-</span> 
     </span>
     <span class='ocr_line' id='line_1_13' title="bbox 276 1382 2314 1460; baseline 0 -21"><span class='ocrx_word' id='word_1_112' title='bbox 276 1385 483 1457; x_wconf 89' lang='lat' dir='ltr'>ceptus</span> <span class='ocrx_word' id='word_1_113' title='bbox 546 1382 618 1441; x_wconf 92' lang='lat' dir='ltr'>de</span> <span class='ocrx_word' id='word_1_114' title='bbox 674 1383 895 1460; x_wconf 86' lang='lat' dir='ltr'>gaudio</span> <span class='ocrx_word' id='word_1_115' title='bbox 961 1384 1057 1458; x_wconf 91' lang='lat' dir='ltr'>sit,</span> <span class='ocrx_word' id='word_1_116' title='bbox 1120 1386 1324 1441; x_wconf 89' lang='lat' dir='ltr'>tamen</span> <span class='ocrx_word' id='word_1_117' title='bbox 1388 1401 1617 1441; x_wconf 92' lang='lat' dir='ltr'>memor</span> <span class='ocrx_word' id='word_1_118' title='bbox 1679 1382 1901 1442; x_wconf 91' lang='lat' dir='ltr'>doloris</span> <span class='ocrx_word' id='word_1_119' title='bbox 1958 1382 2196 1458; x_wconf 85' lang='lat' dir='ltr'>pristini</span> <span class='ocrx_word' id='word_1_120' title='bbox 2254 1385 2314 1440; x_wconf 90' lang='lat' dir='ltr'>et</span> 
     </span>
     <span class='ocr_line' id='line_1_14' title="bbox 275 1470 2314 1548; baseline 0 -20"><span class='ocrx_word' id='word_1_121' title='bbox 275 1472 643 1531; x_wconf 83' lang='lat' dir='ltr'>calamitatis</span> <span class='ocrx_word' id='word_1_122' title='bbox 691 1474 894 1531; x_wconf 87' lang='lat' dir='ltr'>omnia</span> <span class='ocrx_word' id='word_1_123' title='bbox 939 1473 1075 1531; x_wconf 89' lang='lat' dir='ltr'>uult</span> <span class='ocrx_word' id='word_1_124' title='bbox 1120 1474 1412 1532; x_wconf 89' lang='lat' dir='ltr'>sustinere</span> <span class='ocrx_word' id='word_1_125' title='bbox 1451 1491 1633 1548; x_wconf 89' lang='lat' dir='ltr'>quam</span> <span class='ocrx_word' id='word_1_126' title='bbox 1678 1471 1742 1529; x_wconf 90' lang='lat' dir='ltr'>id</span> <span class='ocrx_word' id='word_1_127' title='bbox 1779 1470 1938 1547; x_wconf 92' lang='lat' dir='ltr'>quod</span> <span class='ocrx_word' id='word_1_128' title='bbox 1974 1490 2185 1547; x_wconf 89' lang='lat' dir='ltr'>passus</span> <span class='ocrx_word' id='word_1_129' title='bbox 2223 1473 2314 1532; x_wconf 92' lang='lat' dir='ltr'>est</span> 
     </span>
     <span class='ocr_line' id='line_1_15' title="bbox 85 1555 2311 1636; baseline -0.001 -15"><span class='ocrx_word' id='word_1_130' title='bbox 85 1562 237 1621; x_wconf 83' lang='lat'>859</span> <span class='ocrx_word' id='word_1_131' title='bbox 272 1578 482 1620; x_wconf 89' lang='lat' dir='ltr'>rursus</span> <span class='ocrx_word' id='word_1_132' title='bbox 528 1563 676 1636; x_wconf 89' lang='lat' dir='ltr'>pati.</span> <span class='ocrx_word' id='word_1_133' title='bbox 716 1594 800 1602; x_wconf 93' lang='lat'>—</span> <span class='ocrx_word' id='word_1_134' title='bbox 846 1555 934 1620; x_wconf 86' lang='lat'>18</span> <span class='ocrx_word' id='word_1_135' title='bbox 985 1579 1133 1627; x_wconf 80' lang='lat' dir='ltr'>Qvn)</span> <span class='ocrx_word' id='word_1_136' title='bbox 1179 1580 1343 1621; x_wconf 78' lang='lat' dir='ltr'>NVNC</span> <span class='ocrx_word' id='word_1_137' title='bbox 1390 1580 1746 1620; x_wconf 68' lang='lat' dir='ltr'>Rssnvn&#39;rmu</span> <span class='ocrx_word' id='word_1_138' title='bbox 1791 1580 1904 1619; x_wconf 69' lang='lat' dir='ltr'>Aes</span> <span class='ocrx_word' id='word_1_139' title='bbox 1949 1570 2025 1618; x_wconf 77' lang='lat' dir='ltr'>TE</span> <span class='ocrx_word' id='word_1_140' title='bbox 2064 1579 2311 1619; x_wconf 79' lang='lat' dir='ltr'><em>RESPON-</em></span> 
     </span>
     <span class='ocr_line' id='line_1_16' title="bbox 277 1650 2390 1726; baseline 0.003 -21"><span class='ocrx_word' id='word_1_141' title='bbox 277 1667 403 1707; x_wconf 64' lang='grc' dir='ltr'>ενι</span> <span class='ocrx_word' id='word_1_142' title='bbox 447 1668 686 1708; x_wconf 63' lang='lat' dir='ltr'>canem:</span> <span class='ocrx_word' id='word_1_143' title='bbox 727 1653 869 1724; x_wconf 78' lang='lat' dir='ltr'>quid</span> <span class='ocrx_word' id='word_1_144' title='bbox 918 1669 1047 1726; x_wconf 72' lang='lat' dir='ltr'>erqo</span> <span class='ocrx_word' id='word_1_145' title='bbox 1102 1652 1197 1709; x_wconf 79' lang='lat' dir='ltr'>uis</span> <span class='ocrx_word' id='word_1_146' title='bbox 1251 1653 1577 1709; x_wconf 75' lang='lat' dir='ltr'>renuntiem</span> <span class='ocrx_word' id='word_1_147' title='bbox 1630 1650 1755 1723; x_wconf 62' lang='lat' dir='ltr'>filio</span> <span class='ocrx_word' id='word_1_148' title='bbox 1810 1651 1915 1708; x_wconf 85' lang='lat' dir='ltr'>abs</span> <span class='ocrx_word' id='word_1_149' title='bbox 1962 1654 2012 1708; x_wconf 83' lang='lat' dir='ltr'>te</span> <span class='ocrx_word' id='word_1_150' title='bbox 2058 1668 2179 1709; x_wconf 87' lang='lat' dir='ltr'>esse</span> <span class='ocrx_word' id='word_1_151' title='bbox 2224 1669 2310 1708; x_wconf 87' lang='lat' dir='ltr'>re-</span> <span class='ocrx_word' id='word_1_152' title='bbox 2341 1671 2390 1712; x_wconf 70' lang='grc' dir='ltr'>ιε</span> 
     </span>
     <span class='ocr_line' id='line_1_17' title="bbox 272 1734 2309 1818; baseline 0 -21"><span class='ocrx_word' id='word_1_153' title='bbox 272 1756 575 1814; x_wconf 77' lang='lat' dir='ltr'>sponsum,</span> <span class='ocrx_word' id='word_1_154' title='bbox 610 1760 683 1797; x_wconf 90' lang='lat' dir='ltr'>ne</span> <span class='ocrx_word' id='word_1_155' title='bbox 729 1740 1036 1818; x_wconf 86' lang='lat' dir='ltr'>intelligat</span> <span class='ocrx_word' id='word_1_156' title='bbox 1080 1759 1176 1799; x_wconf 91' lang='lat' dir='ltr'>me</span> <span class='ocrx_word' id='word_1_157' title='bbox 1221 1734 1332 1799; x_wconf 88' lang='lat' dir='ltr'>hoc</span> <span class='ocrx_word' id='word_1_158' title='bbox 1377 1740 1758 1813; x_wconf 84' lang='lat' dir='ltr'>intellexisse,</span> <span class='ocrx_word' id='word_1_159' title='bbox 1806 1739 1964 1816; x_wconf 90' lang='lat' dir='ltr'>quod</span> <span class='ocrx_word' id='word_1_160' title='bbox 2014 1757 2133 1799; x_wconf 91' lang='lat' dir='ltr'>non</span> <span class='ocrx_word' id='word_1_161' title='bbox 2170 1759 2309 1797; x_wconf 90' lang='lat' dir='ltr'>uere</span> 
     </span>
     <span class='ocr_line' id='line_1_18' title="bbox 85 1821 2310 1904; baseline -0.001 -16"><span class='ocrx_word' id='word_1_162' title='bbox 85 1829 235 1888; x_wconf 82' lang='lat'>865</span> <span class='ocrx_word' id='word_1_163' title='bbox 272 1830 520 1903; x_wconf 75' lang='lat' dir='ltr'>nuptias</span> <span class='ocrx_word' id='word_1_164' title='bbox 574 1827 777 1904; x_wconf 75' lang='lat' dir='ltr'>petit?</span> <span class='ocrx_word' id='word_1_165' title='bbox 825 1862 908 1870; x_wconf 90' lang='lat'>—</span> <span class='ocrx_word' id='word_1_166' title='bbox 961 1821 1052 1887; x_wconf 77' lang='lat'>24</span> <span class='ocrx_word' id='word_1_167' title='bbox 1101 1847 1427 1889; x_wconf 70' lang='lat' dir='ltr'>Pos&#39;rmmo</span> <span class='ocrx_word' id='word_1_168' title='bbox 1475 1847 1666 1887; x_wconf 76' lang='grc' dir='ltr'><strong>ΕΤῙΑΜ</strong></span> <span class='ocrx_word' id='word_1_169' title='bbox 1720 1847 1775 1888; x_wconf 83' lang='lat' dir='ltr'>SI</span> <span class='ocrx_word' id='word_1_170' title='bbox 1821 1845 2016 1888; x_wconf 62' lang='lat' dir='ltr'>vomas</span> <span class='ocrx_word' id='word_1_171' title='bbox 2063 1843 2310 1886; x_wconf 80' lang='lat' dir='ltr'><em>DESPON·</em></span> 
     </span>
    </p>

    <p class='ocr_par' dir='ltr' id='par_1_3' title="bbox 165 1918 2388 2975">
     <span class='ocr_line' id='line_1_19' title="bbox 165 1918 2310 1995; baseline 0.001 -20"><span class='ocrx_word' id='word_1_172' title='bbox 165 1953 170 1958; x_wconf 85' lang='lat'>-</span> <span class='ocrx_word' id='word_1_173' title='bbox 276 1935 398 1976; x_wconf 67' lang='lat' dir='ltr'>sm</span> <span class='ocrx_word' id='word_1_174' title='bbox 450 1936 597 1984; x_wconf 70' lang='lat' dir='ltr'>croc</span> <span class='ocrx_word' id='word_1_175' title='bbox 611 1937 682 1977; x_wconf 71' lang='lat' dir='ltr'>n:</span> <span class='ocrx_word' id='word_1_176' title='bbox 733 1936 881 1977; x_wconf 64' lang='lat' dir='ltr'>esse</span> <span class='ocrx_word' id='word_1_177' title='bbox 933 1937 1125 1978; x_wconf 77' lang='lat' dir='ltr'><strong><em>DIGITO</em></strong></span> <span class='ocrx_word' id='word_1_178' title='bbox 1177 1919 1489 1995; x_wconf 87' lang='lat' dir='ltr'>petitionis</span> <span class='ocrx_word' id='word_1_179' title='bbox 1553 1937 1803 1979; x_wconf 89' lang='lat' dir='ltr'>uxorum</span> <span class='ocrx_word' id='word_1_180' title='bbox 1866 1918 2111 1977; x_wconf 89' lang='lat' dir='ltr'>nomina</span> <span class='ocrx_word' id='word_1_181' title='bbox 2164 1918 2310 1978; x_wconf 87' lang='lat' dir='ltr'>haec</span> 
     </span>
     <span class='ocr_line' id='line_1_20' title="bbox 273 2007 2308 2084; baseline 0 -18"><span class='ocrx_word' id='word_1_182' title='bbox 273 2011 439 2066; x_wconf 83' lang='lat' dir='ltr'>sunt:</span> <span class='ocrx_word' id='word_1_183' title='bbox 497 2028 638 2067; x_wconf 91' lang='lat' dir='ltr'>nam</span> <span class='ocrx_word' id='word_1_184' title='bbox 683 2010 879 2084; x_wconf 91' lang='lat' dir='ltr'>primo</span> <span class='ocrx_word' id='word_1_185' title='bbox 935 2012 1290 2068; x_wconf 90' lang='lat' dir='ltr'>conuenta</span> <span class='ocrx_word' id='word_1_186' title='bbox 1347 2026 1473 2068; x_wconf 87' lang='lat' dir='ltr'>esse</span> <span class='ocrx_word' id='word_1_187' title='bbox 1519 2007 1753 2083; x_wconf 84' lang='lat' dir='ltr'>dicitur,</span> <span class='ocrx_word' id='word_1_188' title='bbox 1810 2007 2020 2066; x_wconf 90' lang='lat' dir='ltr'>deinde</span> <span class='ocrx_word' id='word_1_189' title='bbox 2066 2011 2308 2083; x_wconf 88' lang='lat' dir='ltr'>pacta,</span> 
     </span>
     <span class='ocr_line' id='line_1_21' title="bbox 272 2097 2388 2174; baseline 0.001 -19"><span class='ocrx_word' id='word_1_190' title='bbox 272 2098 455 2155; x_wconf 85' lang='lat' dir='ltr'>tertio</span> <span class='ocrx_word' id='word_1_191' title='bbox 504 2098 971 2173; x_wconf 88' lang='lat' dir='ltr'>desponsata,</span> <span class='ocrx_word' id='word_1_192' title='bbox 1017 2101 1233 2174; x_wconf 87' lang='lat' dir='ltr'>quarto</span> <span class='ocrx_word' id='word_1_193' title='bbox 1279 2117 1469 2156; x_wconf 90' lang='lat' dir='ltr'>uxor.</span> <span class='ocrx_word' id='word_1_194' title='bbox 1517 2100 1619 2165; x_wconf 81' lang='lat' dir='ltr'>ita,</span> <span class='ocrx_word' id='word_1_195' title='bbox 1666 2100 1736 2156; x_wconf 93' lang='lat' dir='ltr'>ut</span> <span class='ocrx_word' id='word_1_196' title='bbox 1782 2097 2046 2155; x_wconf 90' lang='lat' dir='ltr'>uicinum</span> <span class='ocrx_word' id='word_1_197' title='bbox 2093 2116 2305 2156; x_wconf 90' lang='lat' dir='ltr'>nomen</span> <span class='ocrx_word' id='word_1_198' title='bbox 2335 2118 2388 2158; x_wconf 62' lang='grc' dir='ltr'>πο</span> 
     </span>
     <span class='ocr_line' id='line_1_22' title="bbox 272 2181 2305 2262; baseline 0.001 -19"><span class='ocrx_word' id='word_1_199' title='bbox 272 2187 393 2244; x_wconf 90' lang='lat' dir='ltr'>iam</span> <span class='ocrx_word' id='word_1_200' title='bbox 454 2187 767 2262; x_wconf 88' lang='lat' dir='ltr'>petitionis</span> <span class='ocrx_word' id='word_1_201' title='bbox 833 2187 1170 2246; x_wconf 87' lang='lat' dir='ltr'>ostenderet</span> <span class='ocrx_word' id='word_1_202' title='bbox 1234 2189 1392 2245; x_wconf 88' lang='lat' dir='ltr'>circa</span> <span class='ocrx_word' id='word_1_203' title='bbox 1455 2187 1719 2262; x_wconf 88' lang='lat' dir='ltr'>nuptias,</span> <span class='ocrx_word' id='word_1_204' title='bbox 1775 2185 1926 2245; x_wconf 89' lang='lat' dir='ltr'>dixit</span> <span class='ocrx_word' id='word_1_205' title='bbox 1983 2181 2305 2260; x_wconf 76' lang='lat' dir='ltr'>‘postremo</span> 
     </span>
     <span class='ocr_line' id='line_1_23' title="bbox 272 2272 2308 2352; baseline 0.001 -20"><span class='ocrx_word' id='word_1_206' title='bbox 272 2274 628 2351; x_wconf 87' lang='lat' dir='ltr'>desponsam</span> <span class='ocrx_word' id='word_1_207' title='bbox 699 2295 940 2352; x_wconf 88' lang='lat' dir='ltr'>quoque</span> <span class='ocrx_word' id='word_1_208' title='bbox 1006 2294 1130 2335; x_wconf 90' lang='lat' dir='ltr'>esse</span> <span class='ocrx_word' id='word_1_209' title='bbox 1196 2272 1433 2334; x_wconf 87' lang='lat' dir='ltr'>dicito&#39;:</span> <span class='ocrx_word' id='word_1_210' title='bbox 1495 2277 1609 2335; x_wconf 91' lang='lat' dir='ltr'>hoc</span> <span class='ocrx_word' id='word_1_211' title='bbox 1674 2277 1830 2333; x_wconf 90' lang='lat' dir='ltr'>enim</span> <span class='ocrx_word' id='word_1_212' title='bbox 1897 2276 2161 2334; x_wconf 88' lang='lat' dir='ltr'>uicinum</span> <span class='ocrx_word' id='word_1_213' title='bbox 2231 2277 2308 2335; x_wconf 91' lang='lat' dir='ltr'>ad</span> 
     </span>
     <span class='ocr_line' id='line_1_24' title="bbox 270 2360 2306 2441; baseline 0 -19"><span class='ocrx_word' id='word_1_214' title='bbox 270 2383 536 2424; x_wconf 91' lang='lat' dir='ltr'>uxorem.</span> <span class='ocrx_word' id='word_1_215' title='bbox 584 2384 725 2423; x_wconf 87' lang='lat' dir='ltr'>nam</span> <span class='ocrx_word' id='word_1_216' title='bbox 771 2382 955 2441; x_wconf 86' lang='lat' dir='ltr'>supra</span> <span class='ocrx_word' id='word_1_217' title='bbox 1002 2360 1225 2441; x_wconf 71' lang='lat' dir='ltr'>‘pacta&#39;</span> <span class='ocrx_word' id='word_1_218' title='bbox 1276 2365 1512 2438; x_wconf 87' lang='lat' dir='ltr'>dicitur,</span> <span class='ocrx_word' id='word_1_219' title='bbox 1558 2368 1628 2423; x_wconf 93' lang='lat' dir='ltr'>ut</span> <span class='ocrx_word' id='word_1_220' title='bbox 1665 2369 1755 2424; x_wconf 91' lang='lat' dir='ltr'>est</span> <span class='ocrx_word' id='word_1_221' title='bbox 1792 2364 1951 2440; x_wconf 88' lang='lat' dir='ltr'>apud</span> <span class='ocrx_word' id='word_1_222' title='bbox 1979 2364 2306 2441; x_wconf 87' lang='lat' dir='ltr'>Virgilium</span> 
     </span>
     <span class='ocr_line' id='line_1_25' title="bbox 273 2445 2305 2535; baseline 0.001 -24"><span class='ocrx_word' id='word_1_223' title='bbox 273 2445 449 2534; x_wconf 83' lang='lat' dir='ltr'>(Aen.</span> <span class='ocrx_word' id='word_1_224' title='bbox 492 2455 557 2512; x_wconf 90' lang='lat' dir='ltr'><strong>X</strong></span> <span class='ocrx_word' id='word_1_225' title='bbox 604 2446 760 2535; x_wconf 87' lang='grc'>722)</span> <span class='ocrx_word' id='word_1_226' title='bbox 812 2450 897 2513; x_wconf 77' lang='lat' dir='ltr'>‘et</span> <span class='ocrx_word' id='word_1_227' title='bbox 941 2457 1154 2530; x_wconf 88' lang='lat' dir='ltr'>pactae</span> <span class='ocrx_word' id='word_1_228' title='bbox 1201 2455 1474 2531; x_wconf 84' lang='lat' dir='ltr'>coniugis</span> <span class='ocrx_word' id='word_1_229' title='bbox 1520 2450 1724 2513; x_wconf 88' lang='lat' dir='ltr'>ostro&#39;.</span> <span class='ocrx_word' id='word_1_230' title='bbox 1801 2454 2056 2529; x_wconf 89' lang='lat' dir='ltr'>denique</span> <span class='ocrx_word' id='word_1_231' title='bbox 2112 2454 2305 2529; x_wconf 91' lang='lat' dir='ltr'>primo</span> 
     </span>
     <span class='ocr_line' id='line_1_26' title="bbox 267 2535 2385 2625; baseline 0.002 -25"><span class='ocrx_word' id='word_1_232' title='bbox 267 2543 649 2602; x_wconf 88' lang='lat' dir='ltr'>Menedemus</span> <span class='ocrx_word' id='word_1_233' title='bbox 708 2562 844 2602; x_wconf 90' lang='lat' dir='ltr'>cum</span> <span class='ocrx_word' id='word_1_234' title='bbox 901 2544 1166 2602; x_wconf 84' lang='lat' dir='ltr'>audisset</span> <span class='ocrx_word' id='word_1_235' title='bbox 1213 2543 1583 2602; x_wconf 85' lang='lat' dir='ltr'>Chremetem</span> <span class='ocrx_word' id='word_1_236' title='bbox 1635 2541 1712 2621; x_wconf 85' lang='lat' dir='ltr'>(v.</span> <span class='ocrx_word' id='word_1_237' title='bbox 1751 2535 1869 2625; x_wconf 92' lang='grc'>22)</span> <span class='ocrx_word' id='word_1_238' title='bbox 1920 2538 2039 2601; x_wconf 79' lang='lat' dir='ltr'>‘dic</span> <span class='ocrx_word' id='word_1_239' title='bbox 2095 2561 2303 2601; x_wconf 89' lang='lat' dir='ltr'>conue-</span> <span class='ocrx_word' id='word_1_240' title='bbox 2335 2565 2385 2604; x_wconf 75' lang='lat'>25</span> 
     </span>
     <span class='ocr_line' id='line_1_27' title="bbox 267 2629 2305 2709; baseline -0 -19"><span class='ocrx_word' id='word_1_241' title='bbox 267 2633 445 2706; x_wconf 90' lang='lat' dir='ltr'>nisse,</span> <span class='ocrx_word' id='word_1_242' title='bbox 471 2634 649 2707; x_wconf 74' lang='lat' dir='ltr'>eyisse</span> <span class='ocrx_word' id='word_1_243' title='bbox 676 2638 727 2692; x_wconf 81' lang='lat' dir='ltr'>te</span> <span class='ocrx_word' id='word_1_244' title='bbox 756 2634 826 2692; x_wconf 90' lang='lat' dir='ltr'>de</span> <span class='ocrx_word' id='word_1_245' title='bbox 853 2629 1117 2708; x_wconf 70' lang='lat' dir='ltr'>nuptiis&#39;,</span> <span class='ocrx_word' id='word_1_246' title='bbox 1143 2634 1427 2709; x_wconf 88' lang='lat' dir='ltr'>quoniam</span> <span class='ocrx_word' id='word_1_247' title='bbox 1457 2635 1786 2691; x_wconf 90' lang='lat' dir='ltr'>conuentae</span> <span class='ocrx_word' id='word_1_248' title='bbox 1813 2651 2026 2691; x_wconf 91' lang='lat' dir='ltr'>nomen</span> <span class='ocrx_word' id='word_1_249' title='bbox 2057 2631 2305 2706; x_wconf 83' lang='lat' dir='ltr'>dixerat,</span> 
     </span>
     <span class='ocr_line' id='line_1_28' title="bbox 269 2713 2304 2801; baseline -0.001 -22"><span class='ocrx_word' id='word_1_250' title='bbox 269 2716 432 2797; x_wconf 87' lang='lat' dir='ltr'>quod</span> <span class='ocrx_word' id='word_1_251' title='bbox 478 2723 656 2799; x_wconf 86' lang='lat' dir='ltr'>longe</span> <span class='ocrx_word' id='word_1_252' title='bbox 701 2741 918 2781; x_wconf 90' lang='lat' dir='ltr'>nomen</span> <span class='ocrx_word' id='word_1_253' title='bbox 963 2724 1055 2780; x_wconf 90' lang='lat' dir='ltr'>est</span> <span class='ocrx_word' id='word_1_254' title='bbox 1099 2721 1382 2798; x_wconf 90' lang='lat' dir='ltr'>positum,</span> <span class='ocrx_word' id='word_1_255' title='bbox 1427 2723 1518 2781; x_wconf 89' lang='lat' dir='ltr'>ita</span> <span class='ocrx_word' id='word_1_256' title='bbox 1565 2721 1864 2797; x_wconf 88' lang='lat' dir='ltr'>quaesiuit</span> <span class='ocrx_word' id='word_1_257' title='bbox 1911 2713 1988 2801; x_wconf 86' lang='lat' dir='ltr'>(v.</span> <span class='ocrx_word' id='word_1_258' title='bbox 2027 2715 2144 2801; x_wconf 82' lang='grc'>23)</span> <span class='ocrx_word' id='word_1_259' title='bbox 2194 2716 2304 2778; x_wconf 80' lang='lat' dir='ltr'>‘di-</span> 
     </span>
     <span class='ocr_line' id='line_1_29' title="bbox 269 2807 2306 2887; baseline -0.001 -18"><span class='ocrx_word' id='word_1_260' title='bbox 269 2830 416 2869; x_wconf 87' lang='lat' dir='ltr'>cam.</span> <span class='ocrx_word' id='word_1_261' title='bbox 493 2810 639 2886; x_wconf 89' lang='lat' dir='ltr'>quid</span> <span class='ocrx_word' id='word_1_262' title='bbox 699 2811 911 2870; x_wconf 90' lang='lat' dir='ltr'>deinde</span> <span class='ocrx_word' id='word_1_263' title='bbox 927 2807 1000 2886; x_wconf 68' lang='lat' dir='ltr'>P’,</span> <span class='ocrx_word' id='word_1_264' title='bbox 1057 2813 1230 2887; x_wconf 87' lang='lat' dir='ltr'>quasi</span> <span class='ocrx_word' id='word_1_265' title='bbox 1285 2811 1396 2870; x_wconf 92' lang='lat' dir='ltr'>hoc</span> <span class='ocrx_word' id='word_1_266' title='bbox 1450 2830 1662 2886; x_wconf 89' lang='lat' dir='ltr'>parum</span> <span class='ocrx_word' id='word_1_267' title='bbox 1720 2814 1888 2870; x_wconf 90' lang='lat' dir='ltr'>esset.</span> <span class='ocrx_word' id='word_1_268' title='bbox 1964 2812 2116 2882; x_wconf 77' lang='lat' dir='ltr'>quod</span> <span class='ocrx_word' id='word_1_269' title='bbox 2175 2828 2306 2867; x_wconf 83' lang='lat' dir='ltr'>ewm</span> 
     </span>
     <span class='ocr_line' id='line_1_30' title="bbox 268 2895 2306 2975; baseline -0.001 -16"><span class='ocrx_word' id='word_1_270' title='bbox 268 2902 531 2959; x_wconf 78' lang='lat' dir='ltr'>audisset</span> <span class='ocrx_word' id='word_1_271' title='bbox 590 2899 882 2969; x_wconf 66' lang='lat' dir='ltr'>Chremes‘,</span> <span class='ocrx_word' id='word_1_272' title='bbox 943 2896 1270 2974; x_wconf 77' lang='lat' dir='ltr'>‘postremo&#39;</span> <span class='ocrx_word' id='word_1_273' title='bbox 1328 2901 1518 2972; x_wconf 73' lang='lat' dir='ltr'>inquit</span> <span class='ocrx_word' id='word_1_274' title='bbox 1574 2895 1649 2959; x_wconf 73' lang='lat' dir='ltr'>‘si</span> <span class='ocrx_word' id='word_1_275' title='bbox 1709 2902 1893 2975; x_wconf 85' lang='lat' dir='ltr'>uoles,</span> <span class='ocrx_word' id='word_1_276' title='bbox 1959 2900 2306 2973; x_wconf 75' lang='lat' dir='ltr'>desponsam</span> 
     </span>
    </p>
   </div>
   <div class='ocr_carea' id='block_1_3' title="bbox 268 3087 2301 3230">
    <p class='ocr_par' dir='ltr' id='par_1_4' title="bbox 268 3087 2301 3230">
     <span class='ocr_line' id='line_1_31' title="bbox 268 3087 2301 3159; baseline -0.001 -17"><span class='ocrx_word' id='word_1_277' title='bbox 268 3087 453 3159; x_wconf 75' lang='lat' dir='ltr'>a*[1o]</span> <span class='ocrx_word' id='word_1_278' title='bbox 492 3104 627 3141; x_wconf 82' lang='lat' dir='ltr'>nam</span> <span class='ocrx_word' id='word_1_279' title='bbox 663 3087 1031 3158; x_wconf 86' lang='lat' dir='ltr'>interrogatio</span> <span class='ocrx_word' id='word_1_280' title='bbox 1069 3088 1354 3141; x_wconf 88' lang='lat' dir='ltr'>interdum</span> <span class='ocrx_word' id='word_1_281' title='bbox 1393 3089 1466 3141; x_wconf 90' lang='lat' dir='ltr'>ad</span> <span class='ocrx_word' id='word_1_282' title='bbox 1504 3088 1879 3157; x_wconf 85' lang='lat' dir='ltr'>negationem,</span> <span class='ocrx_word' id='word_1_283' title='bbox 1918 3087 2196 3141; x_wconf 86' lang='lat' dir='ltr'>interdum</span> <span class='ocrx_word' id='word_1_284' title='bbox 2230 3088 2301 3140; x_wconf 86' lang='lat' dir='ltr'>ad</span> 
     </span>
     <span class='ocr_line' id='line_1_32' title="bbox 494 3158 1242 3230; baseline 0 -19"><span class='ocrx_word' id='word_1_285' title='bbox 494 3158 926 3213; x_wconf 82' lang='lat' dir='ltr'>affirmationem</span> <span class='ocrx_word' id='word_1_286' title='bbox 963 3159 1242 3230; x_wconf 87' lang='lat' dir='ltr'>dirigitur.</span> 
     </span>
    </p>
   </div>
   <div class='ocr_carea' id='block_1_4' title="bbox 268 3337 2300 3679">
    <p class='ocr_par' dir='ltr' id='par_1_5' title="bbox 268 3337 2300 3679">
     <span class='ocr_line' id='line_1_33' title="bbox 447 3337 2298 3407; baseline -0.001 -17"><span class='ocrx_word' id='word_1_287' title='bbox 447 3344 478 3391; x_wconf 98' lang='grc'>2</span> <span class='ocrx_word' id='word_1_288' title='bbox 521 3337 722 3391; x_wconf 89' lang='lat' dir='ltr'>ducere</span> <span class='ocrx_word' id='word_1_289' title='bbox 757 3339 823 3402; x_wconf 79' lang='lat' dir='ltr'>G,</span> <span class='ocrx_word' id='word_1_290' title='bbox 853 3338 1048 3391; x_wconf 86' lang='lat' dir='ltr'>reduc·</span> <span class='ocrx_word' id='word_1_291' title='bbox 1077 3339 1150 3405; x_wconf 85' lang='lat' dir='ltr'>F,</span> <span class='ocrx_word' id='word_1_292' title='bbox 1179 3337 1375 3390; x_wconf 88' lang='lat' dir='ltr'>induc·</span> <span class='ocrx_word' id='word_1_293' title='bbox 1407 3359 1444 3390; x_wconf 88' lang='grc' dir='ltr'><em>α</em></span> <span class='ocrx_word' id='word_1_294' title='bbox 1470 3340 1489 3406; x_wconf 81' lang='grc' dir='ltr'>ΙΙ</span> <span class='ocrx_word' id='word_1_295' title='bbox 1519 3343 1549 3390; x_wconf 79' lang='grc'>7</span> <span class='ocrx_word' id='word_1_296' title='bbox 1580 3337 1818 3391; x_wconf 85' lang='lat' dir='ltr'>chremis</span> <span class='ocrx_word' id='word_1_297' title='bbox 1849 3337 1957 3392; x_wconf 81' lang='lat' dir='ltr'>LG</span> <span class='ocrx_word' id='word_1_298' title='bbox 1985 3340 2004 3407; x_wconf 83' lang='grc'>11</span> <span class='ocrx_word' id='word_1_299' title='bbox 2035 3343 2098 3390; x_wconf 82' lang='lat'>17</span> <span class='ocrx_word' id='word_1_300' title='bbox 2136 3338 2203 3389; x_wconf 88' lang='lat' dir='ltr'>ut</span> <span class='ocrx_word' id='word_1_301' title='bbox 2232 3368 2298 3376; x_wconf 92' lang='lat'>—</span> 
     </span>
     <span class='ocr_line' id='line_1_34' title="bbox 268 3408 2300 3481; baseline 0 -19"><span class='ocrx_word' id='word_1_302' title='bbox 268 3409 363 3481; x_wconf 84' lang='lat' dir='ltr'>sit]</span> <span class='ocrx_word' id='word_1_303' title='bbox 403 3409 553 3463; x_wconf 83' lang='lat' dir='ltr'>iuste</span> <span class='ocrx_word' id='word_1_304' title='bbox 592 3408 914 3463; x_wconf 85' lang='lat' dir='ltr'>conclusum</span> <span class='ocrx_word' id='word_1_305' title='bbox 955 3411 1041 3462; x_wconf 89' lang='lat' dir='ltr'>est</span> <span class='ocrx_word' id='word_1_306' title='bbox 1072 3409 1139 3472; x_wconf 82' lang='lat' dir='ltr'>G,</span> <span class='ocrx_word' id='word_1_307' title='bbox 1177 3410 1324 3463; x_wconf 84' lang='lat' dir='ltr'>iuste</span> <span class='ocrx_word' id='word_1_308' title='bbox 1364 3408 1639 3463; x_wconf 85' lang='lat' dir='ltr'>conclusit</span> <span class='ocrx_word' id='word_1_309' title='bbox 1666 3411 1748 3475; x_wconf 85' lang='lat' dir='ltr'>F;</span> <span class='ocrx_word' id='word_1_310' title='bbox 1778 3411 1843 3464; x_wconf 86' lang='lat' dir='ltr'>de</span> <span class='ocrx_word' id='word_1_311' title='bbox 1869 3409 1921 3462; x_wconf 93' lang='lat' dir='ltr'><em>L</em></span> <span class='ocrx_word' id='word_1_312' title='bbox 1950 3425 2064 3462; x_wconf 87' lang='lat' dir='ltr'>non</span> <span class='ocrx_word' id='word_1_313' title='bbox 2091 3410 2258 3478; x_wconf 79' lang='lat' dir='ltr'>liquet</span> <span class='ocrx_word' id='word_1_314' title='bbox 2283 3411 2300 3478; x_wconf 80' lang='lat' dir='ltr'>u</span> 
     </span>
     <span class='ocr_line' id='line_1_35' title="bbox 270 3481 2299 3553; baseline -0.001 -19"><span class='ocrx_word' id='word_1_315' title='bbox 270 3487 333 3535; x_wconf 82' lang='lat'>16</span> <span class='ocrx_word' id='word_1_316' title='bbox 372 3482 466 3553; x_wconf 90' lang='lat' dir='ltr'>ne]</span> <span class='ocrx_word' id='word_1_317' title='bbox 504 3484 570 3534; x_wconf 92' lang='lat' dir='ltr'>ut</span> <span class='ocrx_word' id='word_1_318' title='bbox 607 3481 669 3545; x_wconf 82' lang='lat' dir='ltr'>V,</span> <span class='ocrx_word' id='word_1_319' title='bbox 700 3497 800 3534; x_wconf 89' lang='lat' dir='ltr'>om.</span> <span class='ocrx_word' id='word_1_320' title='bbox 833 3481 885 3534; x_wconf 89' lang='lat' dir='ltr'><strong><em>L</em></strong></span> <span class='ocrx_word' id='word_1_321' title='bbox 930 3482 950 3549; x_wconf 81' lang='grc' dir='ltr'>ΙΙ</span> <span class='ocrx_word' id='word_1_322' title='bbox 1006 3485 1070 3533; x_wconf 86' lang='grc'>19</span> <span class='ocrx_word' id='word_1_323' title='bbox 1110 3482 1390 3534; x_wconf 90' lang='lat' dir='ltr'>conuenta</span> <span class='ocrx_word' id='word_1_324' title='bbox 1427 3481 1535 3535; x_wconf 76' lang='lat' dir='ltr'>W.:</span> <span class='ocrx_word' id='word_1_325' title='bbox 1576 3481 1696 3534; x_wconf 91' lang='lat' dir='ltr'>inu·</span> <span class='ocrx_word' id='word_1_326' title='bbox 1736 3482 1888 3535; x_wconf 88' lang='lat' dir='ltr'>codd.</span> <span class='ocrx_word' id='word_1_327' title='bbox 1936 3483 1955 3550; x_wconf 80' lang='grc' dir='ltr'>ΙΙ</span> <span class='ocrx_word' id='word_1_328' title='bbox 2010 3486 2073 3532; x_wconf 89' lang='grc'>21</span> <span class='ocrx_word' id='word_1_329' title='bbox 2118 3481 2299 3534; x_wconf 83' lang='lat' dir='ltr'>osten-</span> 
     </span>
     <span class='ocr_line' id='line_1_36' title="bbox 268 3551 2297 3624; baseline -0 -19"><span class='ocrx_word' id='word_1_330' title='bbox 268 3552 425 3607; x_wconf 86' lang='lat' dir='ltr'>deret</span> <span class='ocrx_word' id='word_1_331' title='bbox 455 3551 601 3624; x_wconf 83' lang='lat' dir='ltr'>&lt;et&gt;</span> <span class='ocrx_word' id='word_1_332' title='bbox 622 3553 775 3607; x_wconf 85' lang='lat' dir='ltr'>codd.</span> <span class='ocrx_word' id='word_1_333' title='bbox 798 3558 1019 3620; x_wconf 79' lang='lat' dir='ltr'>praeter</span> <span class='ocrx_word' id='word_1_334' title='bbox 1046 3552 1145 3608; x_wconf 78' lang='lat' dir='ltr'>LS</span> <span class='ocrx_word' id='word_1_335' title='bbox 1167 3554 1185 3621; x_wconf 85' lang='grc' dir='ltr'>ΙΙ</span> <span class='ocrx_word' id='word_1_336' title='bbox 1215 3557 1282 3605; x_wconf 85' lang='grc'>23</span> <span class='ocrx_word' id='word_1_337' title='bbox 1314 3552 1508 3622; x_wconf 85' lang='lat' dir='ltr'>supra]</span> <span class='ocrx_word' id='word_1_338' title='bbox 1532 3554 1569 3606; x_wconf 76' lang='lat' dir='ltr'>i.</span> <span class='ocrx_word' id='word_1_339' title='bbox 1592 3569 1631 3605; x_wconf 89' lang='lat' dir='ltr'>e.</span> <span class='ocrx_word' id='word_1_340' title='bbox 1664 3554 1832 3605; x_wconf 87' lang='lat' dir='ltr'>antea</span> <span class='ocrx_word' id='word_1_341' title='bbox 1859 3554 1877 3621; x_wconf 82' lang='grc' dir='ltr'>ΙΙ</span> <span class='ocrx_word' id='word_1_342' title='bbox 1906 3557 1974 3605; x_wconf 90' lang='grc'>28</span> <span class='ocrx_word' id='word_1_343' title='bbox 2013 3554 2160 3605; x_wconf 87' lang='lat' dir='ltr'>esset</span> <span class='ocrx_word' id='word_1_344' title='bbox 2189 3552 2297 3605; x_wconf 89' lang='lat' dir='ltr'>W.:</span> 
     </span>
     <span class='ocr_line' id='line_1_37' title="bbox 268 3625 541 3679; baseline -0.004 0"><span class='ocrx_word' id='word_1_345' title='bbox 268 3627 351 3679; x_wconf 82' lang='lat' dir='ltr'>est</span> <span class='ocrx_word' id='word_1_346' title='bbox 386 3625 541 3679; x_wconf 88' lang='lat' dir='ltr'>codd.</span> 
     </span>
    </p>
   </div>
  </div>
 </body>
</html>
