<?xml version="1.0" encoding="UTF-8"?>
<!DOCTYPE html PUBLIC "-//W3C//DTD XHTML 1.0 Transitional//EN"
    "http://www.w3.org/TR/xhtml1/DTD/xhtml1-transitional.dtd">
<html xmlns="http://www.w3.org/1999/xhtml" xml:lang="en" lang="en">
 <head>
  <title>
</title>
<meta http-equiv="Content-Type" content="text/html;charset=utf-8" />
  <meta name='ocr-system' content='tesseract 3.04.00' />
  <meta name='ocr-capabilities' content='ocr_page ocr_carea ocr_par ocr_line ocrx_word'/>
</head>
<body>
  <div class='ocr_page' id='page_1' title='image "./aelidonatiqvodf00donagoog_0341.png"; bbox 0 0 2661 3940; ppageno 0'>
   <div class='ocr_carea' id='block_1_1' title="bbox 851 225 2241 296">
    <p class='ocr_par' dir='ltr' id='par_1_1' title="bbox 851 225 2241 296">
     <span class='ocr_line' id='line_1_1' title="bbox 851 225 2241 296; baseline 0.01 -17"><span class='ocrx_word' id='word_1_1' title='bbox 851 225 1147 281; x_wconf 80' lang='lat' dir='ltr'><strong>HEGYRA</strong></span> <span class='ocrx_word' id='word_1_2' title='bbox 1183 226 1234 280; x_wconf 91' lang='lat' dir='ltr'><strong>V</strong></span> <span class='ocrx_word' id='word_1_3' title='bbox 1275 233 1322 294; x_wconf 90' lang='lat'><strong><em>1,</em></strong></span> <span class='ocrx_word' id='word_1_4' title='bbox 1357 232 1546 296; x_wconf 82' lang='lat'><strong>14—3‚</strong></span> <span class='ocrx_word' id='word_1_5' title='bbox 1580 236 1606 282; x_wconf 93' lang='lat'><strong>1</strong></span> <span class='ocrx_word' id='word_1_6' title='bbox 2105 227 2241 292; x_wconf 84' lang='lat'><strong><em>289</em></strong></span> 
     </span>
    </p>
   </div>
   <div class='ocr_carea' id='block_1_2' title="bbox 1199 398 1254 453">
    <p class='ocr_par' dir='ltr' id='par_1_2' title="bbox 1199 398 1254 453">
     <span class='ocr_line' id='line_1_2' title="bbox 1199 398 1254 453; baseline 0 0"><span class='ocrx_word' id='word_1_7' title='bbox 1199 398 1254 453; x_wconf 84' lang='lat'><strong><em>2.</em></strong></span> 
     </span>
    </p>
   </div>
   <div class='ocr_carea' id='block_1_3' title="bbox 31 512 2312 2199">
    <p class='ocr_par' dir='ltr' id='par_1_3' title="bbox 33 512 2312 1114">
     <span class='ocr_line' id='line_1_3' title="bbox 33 512 2235 597; baseline 0.001 -19"><span class='ocrx_word' id='word_1_8' title='bbox 33 524 158 578; x_wconf 82' lang='lat'><strong><em>767</em></strong></span> <span class='ocrx_word' id='word_1_9' title='bbox 387 512 421 577; x_wconf 95' lang='grc'>1</span> <span class='ocrx_word' id='word_1_10' title='bbox 482 537 654 578; x_wconf 71' lang='lat' dir='ltr'><strong><em>imm,</em></strong></span> <span class='ocrx_word' id='word_1_11' title='bbox 715 539 879 580; x_wconf 85' lang='lat' dir='ltr'>APVD</span> <span class='ocrx_word' id='word_1_12' title='bbox 936 540 1021 578; x_wconf 74' lang='lat' dir='ltr'><strong><em>m:</em></strong></span> <span class='ocrx_word' id='word_1_13' title='bbox 1078 539 1205 578; x_wconf 80' lang='lat' dir='ltr'><strong>TIBI</strong></span> <span class='ocrx_word' id='word_1_14' title='bbox 1265 539 1517 578; x_wconf 74' lang='lat' dir='ltr'><em>DEEJERJ</em></span> <span class='ocrx_word' id='word_1_15' title='bbox 1566 540 1777 578; x_wconf 74' lang='lat' dir='ltr'><em>PATIAR</em></span> <span class='ocrx_word' id='word_1_16' title='bbox 1836 523 2031 597; x_wconf 83' lang='lat' dir='ltr'>prima</span> <span class='ocrx_word' id='word_1_17' title='bbox 2096 540 2235 597; x_wconf 89' lang='lat' dir='ltr'>pars</span> 
     </span>
     <span class='ocr_line' id='line_1_4' title="bbox 196 608 2236 686; baseline 0.001 -21"><span class='ocrx_word' id='word_1_18' title='bbox 196 608 376 666; x_wconf 78' lang='lat' dir='ltr'><strong><em>huius</em></strong></span> <span class='ocrx_word' id='word_1_19' title='bbox 423 627 672 669; x_wconf 82' lang='lat' dir='ltr'>scaenae</span> <span class='ocrx_word' id='word_1_20' title='bbox 720 610 1051 668; x_wconf 88' lang='lat' dir='ltr'>orationem</span> <span class='ocrx_word' id='word_1_21' title='bbox 1096 612 1278 683; x_wconf 84' lang='lat' dir='ltr'>tenet,</span> <span class='ocrx_word' id='word_1_22' title='bbox 1322 612 1394 668; x_wconf 90' lang='lat' dir='ltr'><strong><em>ut</em></strong></span> <span class='ocrx_word' id='word_1_23' title='bbox 1440 612 1641 668; x_wconf 88' lang='lat' dir='ltr'>nutrix</span> <span class='ocrx_word' id='word_1_24' title='bbox 1688 629 1937 685; x_wconf 90' lang='lat' dir='ltr'>puerum</span> <span class='ocrx_word' id='word_1_25' title='bbox 1984 610 2236 686; x_wconf 85' lang='lat' dir='ltr'><strong><em>diligen-</em></strong></span> 
     </span>
     <span class='ocr_line' id='line_1_5' title="bbox 197 698 2234 775; baseline 0.001 -19"><span class='ocrx_word' id='word_1_26' title='bbox 197 699 293 756; x_wconf 89' lang='lat' dir='ltr'><strong><em>ter</em></strong></span> <span class='ocrx_word' id='word_1_27' title='bbox 339 699 575 757; x_wconf 81' lang='lat' dir='ltr'>nutriat</span> <span class='ocrx_word' id='word_1_28' title='bbox 622 703 674 757; x_wconf 83' lang='lat' dir='ltr'><strong><em>et</em></strong></span> <span class='ocrx_word' id='word_1_29' title='bbox 708 700 849 773; x_wconf 74' lang='lat' dir='ltr'><em>alat,</em></span> <span class='ocrx_word' id='word_1_30' title='bbox 894 701 1196 774; x_wconf 87' lang='lat' dir='ltr'>postrema</span> <span class='ocrx_word' id='word_1_31' title='bbox 1240 717 1380 773; x_wconf 89' lang='lat' dir='ltr'>pars</span> <span class='ocrx_word' id='word_1_32' title='bbox 1428 698 1747 775; x_wconf 86' lang='lat' dir='ltr'><strong><em>superioris</em></strong></span> <span class='ocrx_word' id='word_1_33' title='bbox 1794 701 2234 758; x_wconf 87' lang='lat' dir='ltr'>controuersiae</span> 
     </span>
     <span class='ocr_line' id='line_1_6' title="bbox 189 787 2232 861; baseline 0.001 -16"><span class='ocrx_word' id='word_1_34' title='bbox 189 790 444 860; x_wconf 78' lang='lat' dir='ltr'>partem</span> <span class='ocrx_word' id='word_1_35' title='bbox 472 791 795 848; x_wconf 77' lang='lat' dir='ltr'><strong><em>minimam.</em></strong></span> <span class='ocrx_word' id='word_1_36' title='bbox 853 789 982 847; x_wconf 80' lang='lat' dir='ltr'><strong><em>licet</em></strong></span> <span class='ocrx_word' id='word_1_37' title='bbox 1034 788 1211 860; x_wconf 75' lang='lat' dir='ltr'><strong><em>fidem</em></strong></span> <span class='ocrx_word' id='word_1_38' title='bbox 1254 787 1453 859; x_wconf 79' lang='lat' dir='ltr'>fecerit</span> <span class='ocrx_word' id='word_1_39' title='bbox 1495 790 1665 860; x_wconf 56' lang='lat' dir='ltr'>patri</span> <span class='ocrx_word' id='word_1_40' title='bbox 1715 787 2010 861; x_wconf 75' lang='lat' dir='ltr'><strong><em>Pamphili</em></strong></span> <span class='ocrx_word' id='word_1_41' title='bbox 2054 807 2232 847; x_wconf 81' lang='lat' dir='ltr'>mere-</span> 
     </span>
     <span class='ocr_line' id='line_1_7' title="bbox 200 876 2312 953; baseline 0.001 -19"><span class='ocrx_word' id='word_1_42' title='bbox 200 879 318 934; x_wconf 74' lang='lat' dir='ltr'>trix</span> <span class='ocrx_word' id='word_1_43' title='bbox 343 879 638 950; x_wconf 75' lang='lat' dir='ltr'><strong><em>promisso</em></strong></span> <span class='ocrx_word' id='word_1_44' title='bbox 665 878 1068 950; x_wconf 80' lang='lat' dir='ltr'>iureiurand0‚</span> <span class='ocrx_word' id='word_1_45' title='bbox 1116 878 1309 936; x_wconf 82' lang='lat' dir='ltr'>acrior</span> <span class='ocrx_word' id='word_1_46' title='bbox 1335 876 1571 951; x_wconf 86' lang='lat' dir='ltr'>puellae</span> <span class='ocrx_word' id='word_1_47' title='bbox 1598 880 1770 952; x_wconf 87' lang='lat' dir='ltr'>pater</span> <span class='ocrx_word' id='word_1_48' title='bbox 1796 880 1980 953; x_wconf 87' lang='lat' dir='ltr'>negat</span> <span class='ocrx_word' id='word_1_49' title='bbox 2006 878 2234 936; x_wconf 88' lang='lat' dir='ltr'>iuranti</span> <span class='ocrx_word' id='word_1_50' title='bbox 2290 897 2312 937; x_wconf 99' lang='grc'><strong>5</strong></span> 
     </span>
     <span class='ocr_line' id='line_1_8' title="bbox 200 964 2233 1042; baseline 0 -18"><span class='ocrx_word' id='word_1_51' title='bbox 200 965 362 1024; x_wconf 89' lang='lat' dir='ltr'><strong><em>credi</em></strong></span> <span class='ocrx_word' id='word_1_52' title='bbox 416 969 688 1041; x_wconf 79' lang='lat' dir='ltr'>oportere</span> <span class='ocrx_word' id='word_1_53' title='bbox 745 968 1057 1025; x_wconf 88' lang='lat' dir='ltr'>meretrici.</span> <span class='ocrx_word' id='word_1_54' title='bbox 1124 984 1242 1042; x_wconf 92' lang='lat' dir='ltr'><strong><em>qua</em></strong></span> <span class='ocrx_word' id='word_1_55' title='bbox 1288 965 1402 1022; x_wconf 88' lang='lat' dir='ltr'><strong><em>fide</em></strong></span> <span class='ocrx_word' id='word_1_56' title='bbox 1448 985 1541 1040; x_wconf 90' lang='lat' dir='ltr'>pe.</span> <span class='ocrx_word' id='word_1_57' title='bbox 1559 964 1686 1024; x_wconf 89' lang='lat' dir='ltr'>dita</span> <span class='ocrx_word' id='word_1_58' title='bbox 1731 966 2014 1024; x_wconf 81' lang='lat' dir='ltr'><strong><em>meretrix</em></strong></span> <span class='ocrx_word' id='word_1_59' title='bbox 2057 968 2233 1042; x_wconf 79' lang='lat' dir='ltr'>polli-</span> 
     </span>
     <span class='ocr_line' id='line_1_9' title="bbox 201 1054 2230 1114; baseline 0 -1"><span class='ocrx_word' id='word_1_60' title='bbox 201 1057 371 1113; x_wconf 87' lang='lat' dir='ltr'>cetur</span> <span class='ocrx_word' id='word_1_61' title='bbox 406 1058 704 1114; x_wconf 84' lang='lat' dir='ltr'>tormenta</span> <span class='ocrx_word' id='word_1_62' title='bbox 743 1055 814 1113; x_wconf 91' lang='lat' dir='ltr'><strong><em>de</em></strong></span> <span class='ocrx_word' id='word_1_63' title='bbox 853 1056 1055 1113; x_wconf 78' lang='lat' dir='ltr'><strong><em>seruis,</em></strong></span> <span class='ocrx_word' id='word_1_64' title='bbox 1102 1057 1192 1113; x_wconf 87' lang='lat' dir='ltr'><strong><em>ita</em></strong></span> <span class='ocrx_word' id='word_1_65' title='bbox 1229 1054 1297 1113; x_wconf 88' lang='lat' dir='ltr'>fit</span> <span class='ocrx_word' id='word_1_66' title='bbox 1334 1055 1658 1114; x_wconf 88' lang='lat' dir='ltr'><strong><em>uerisimile</em></strong></span> <span class='ocrx_word' id='word_1_67' title='bbox 1696 1056 2021 1113; x_wconf 79' lang='lat' dir='ltr'><strong><em>admissum</em></strong></span> <span class='ocrx_word' id='word_1_68' title='bbox 2054 1057 2230 1114; x_wconf 88' lang='lat' dir='ltr'><strong><em>Pam·</em></strong></span> 
     </span>
    </p>

    <p class='ocr_par' dir='ltr' id='par_1_4' title="bbox 32 1137 2237 1308">
     <span class='ocr_line' id='line_1_10' title="bbox 32 1137 2237 1216; baseline 0 -14"><span class='ocrx_word' id='word_1_69' title='bbox 32 1146 165 1202; x_wconf 87' lang='grc'><strong><em>768</em></strong></span> <span class='ocrx_word' id='word_1_70' title='bbox 192 1145 423 1216; x_wconf 70' lang='lat' dir='ltr'><strong><em>philam</em></strong></span> <span class='ocrx_word' id='word_1_71' title='bbox 454 1147 685 1202; x_wconf 74' lang='lat' dir='ltr'><strong><em>ommino</em></strong></span> <span class='ocrx_word' id='word_1_72' title='bbox 715 1162 834 1202; x_wconf 74' lang='lat' dir='ltr'><strong><em>non</em></strong></span> <span class='ocrx_word' id='word_1_73' title='bbox 871 1161 1006 1202; x_wconf 86' lang='lat' dir='ltr'><strong><em>esse.</em></strong></span> <span class='ocrx_word' id='word_1_74' title='bbox 1051 1175 1126 1186; x_wconf 90' lang='grc'>-</span> <span class='ocrx_word' id='word_1_75' title='bbox 1182 1137 1222 1201; x_wconf 75' lang='grc'>2</span> <span class='ocrx_word' id='word_1_76' title='bbox 1276 1162 1423 1208; x_wconf 69' lang='lat' dir='ltr'><strong><em>cvm</em></strong></span> <span class='ocrx_word' id='word_1_77' title='bbox 1459 1161 1610 1208; x_wconf 73' lang='lat' dir='ltr'><strong><em>Qvoo</em></strong></span> <span class='ocrx_word' id='word_1_78' title='bbox 1652 1163 1797 1201; x_wconf 73' lang='lat' dir='ltr'><strong><em>opvs</em></strong></span> <span class='ocrx_word' id='word_1_79' title='bbox 1830 1163 1942 1202; x_wconf 99' lang='lat' dir='ltr'><strong><em>EST</em></strong></span> <span class='ocrx_word' id='word_1_80' title='bbox 1975 1164 2237 1204; x_wconf 80' lang='lat' dir='ltr'><em>BENIGNE</em></span> 
     </span>
     <span class='ocr_line' id='line_1_11' title="bbox 200 1234 2232 1308; baseline 0.002 -18"><span class='ocrx_word' id='word_1_81' title='bbox 200 1251 508 1290; x_wconf 74' lang='lat' dir='ltr'><em>PRAEBEAT</em></span> <span class='ocrx_word' id='word_1_82' title='bbox 518 1252 585 1291; x_wconf 80' lang='lat' dir='ltr'><strong><em>VR</em></strong></span> <span class='ocrx_word' id='word_1_83' title='bbox 647 1235 750 1292; x_wconf 72' lang='lat' dir='ltr'><strong><em>hoc</em></strong></span> <span class='ocrx_word' id='word_1_84' title='bbox 803 1236 958 1292; x_wconf 76' lang='lat' dir='ltr'><strong><em>enim</em></strong></span> <span class='ocrx_word' id='word_1_85' title='bbox 1016 1237 1253 1307; x_wconf 71' lang='lat' dir='ltr'><strong><em>yratwm</em></strong></span> <span class='ocrx_word' id='word_1_86' title='bbox 1309 1238 1405 1299; x_wconf 76' lang='lat' dir='ltr'><strong><em>est,</em></strong></span> <span class='ocrx_word' id='word_1_87' title='bbox 1452 1234 1506 1291; x_wconf 87' lang='lat' dir='ltr'><strong><em>si</em></strong></span> <span class='ocrx_word' id='word_1_88' title='bbox 1550 1234 1691 1306; x_wconf 79' lang='lat' dir='ltr'><strong><em>quid</em></strong></span> <span class='ocrx_word' id='word_1_89' title='bbox 1756 1235 1994 1306; x_wconf 65' lang='lat' dir='ltr'>benique</span> <span class='ocrx_word' id='word_1_90' title='bbox 2054 1252 2232 1308; x_wconf 74' lang='lat' dir='ltr'>prae-</span> 
     </span>
    </p>

    <p class='ocr_par' dir='ltr' id='par_1_5' title="bbox 31 1315 2312 1844">
     <span class='ocr_line' id='line_1_12' title="bbox 31 1315 2312 1381; baseline 0 -1"><span class='ocrx_word' id='word_1_91' title='bbox 31 1324 161 1380; x_wconf 83' lang='lat'><strong><em>780</em></strong></span> <span class='ocrx_word' id='word_1_92' title='bbox 199 1323 375 1380; x_wconf 77' lang='lat' dir='ltr'>betur.</span> <span class='ocrx_word' id='word_1_93' title='bbox 416 1353 504 1361; x_wconf 93' lang='lat'><strong>—</strong></span> <span class='ocrx_word' id='word_1_94' title='bbox 562 1315 646 1380; x_wconf 82' lang='lat'><strong><em>14</em></strong></span> <span class='ocrx_word' id='word_1_95' title='bbox 696 1341 798 1381; x_wconf 78' lang='lat' dir='ltr'><strong><em>SJN</em></strong></span> <span class='ocrx_word' id='word_1_96' title='bbox 847 1341 1054 1380; x_wconf 74' lang='lat' dir='ltr'><em>AVTEM</em></span> <span class='ocrx_word' id='word_1_97' title='bbox 1101 1340 1212 1379; x_wconf 87' lang='lat' dir='ltr'><strong><em>EST</em></strong></span> <span class='ocrx_word' id='word_1_98' title='bbox 1267 1341 1336 1379; x_wconf 87' lang='lat' dir='ltr'><strong><em>OB</em></strong></span> <span class='ocrx_word' id='word_1_99' title='bbox 1390 1341 1518 1379; x_wconf 78' lang='lat' dir='ltr'><strong><em>EAM</em></strong></span> <span class='ocrx_word' id='word_1_100' title='bbox 1565 1341 1694 1379; x_wconf 73' lang='lat' dir='ltr'><strong><em>REM</em></strong></span> <span class='ocrx_word' id='word_1_101' title='bbox 1743 1341 1958 1380; x_wconf 77' lang='lat' dir='ltr'><em>[RATVS</em></span> <span class='ocrx_word' id='word_1_102' title='bbox 2005 1342 2234 1381; x_wconf 77' lang='lat' dir='ltr'><em>GNATVS</em></span> <span class='ocrx_word' id='word_1_103' title='bbox 2261 1343 2312 1381; x_wconf 80' lang='grc' dir='ltr'><strong><em>ιο</em></strong></span> 
     </span>
     <span class='ocr_line' id='line_1_13' title="bbox 202 1412 2233 1484; baseline 0.001 -16"><span class='ocrx_word' id='word_1_104' title='bbox 202 1428 351 1476; x_wconf 68' lang='lat' dir='ltr'>oron</span> <span class='ocrx_word' id='word_1_105' title='bbox 408 1430 659 1470; x_wconf 77' lang='lat' dir='ltr'><em>PEPERIT</em></span> <span class='ocrx_word' id='word_1_106' title='bbox 721 1430 867 1469; x_wconf 75' lang='lat' dir='ltr'><strong><em>VXOR</em></strong></span> <span class='ocrx_word' id='word_1_107' title='bbox 926 1430 1082 1470; x_wconf 63' lang='lat' dir='ltr'><strong><em>cem</em></strong></span> <span class='ocrx_word' id='word_1_108' title='bbox 1128 1413 1285 1469; x_wconf 76' lang='lat' dir='ltr'><strong><em>omni</em></strong></span> <span class='ocrx_word' id='word_1_109' title='bbox 1335 1428 1543 1484; x_wconf 76' lang='lat' dir='ltr'>qenere</span> <span class='ocrx_word' id='word_1_110' title='bbox 1597 1412 1736 1470; x_wconf 79' lang='lat' dir='ltr'><strong><em>dicit</em></strong></span> <span class='ocrx_word' id='word_1_111' title='bbox 1799 1429 2048 1470; x_wconf 78' lang='lat' dir='ltr'>errorem</span> <span class='ocrx_word' id='word_1_112' title='bbox 2113 1430 2233 1471; x_wconf 85' lang='lat' dir='ltr'><strong><em>esse</em></strong></span> 
     </span>
     <span class='ocr_line' id='line_1_14' title="bbox 197 1501 2233 1574; baseline 0.001 -16"><span class='ocrx_word' id='word_1_113' title='bbox 197 1501 508 1559; x_wconf 52' lang='lat' dir='ltr'><strong><em>sublatum.</em></strong></span> <span class='ocrx_word' id='word_1_114' title='bbox 583 1503 637 1559; x_wconf 85' lang='lat' dir='ltr'><strong><em>si</em></strong></span> <span class='ocrx_word' id='word_1_115' title='bbox 696 1503 850 1560; x_wconf 78' lang='lat' dir='ltr'><strong><em>enim</em></strong></span> <span class='ocrx_word' id='word_1_116' title='bbox 906 1501 1034 1558; x_wconf 88' lang='lat' dir='ltr'><strong><em>ideo</em></strong></span> <span class='ocrx_word' id='word_1_117' title='bbox 1094 1502 1356 1558; x_wconf 78' lang='lat' dir='ltr'><strong><em>discessit</em></strong></span> <span class='ocrx_word' id='word_1_118' title='bbox 1412 1518 1577 1568; x_wconf 79' lang='lat' dir='ltr'>uxor,</span> <span class='ocrx_word' id='word_1_119' title='bbox 1635 1501 1787 1574; x_wconf 83' lang='lat' dir='ltr'><strong><em>quod</em></strong></span> <span class='ocrx_word' id='word_1_120' title='bbox 1840 1501 2090 1573; x_wconf 77' lang='lat' dir='ltr'><strong><em>suspicio</em></strong></span> <span class='ocrx_word' id='word_1_121' title='bbox 2152 1506 2233 1560; x_wconf 80' lang='lat' dir='ltr'><strong><em>est</em></strong></span> 
     </span>
     <span class='ocr_line' id='line_1_15' title="bbox 196 1589 2231 1663; baseline 0.001 -17"><span class='ocrx_word' id='word_1_122' title='bbox 196 1589 573 1663; x_wconf 78' lang='lat' dir='ltr'><strong><em>Pamphilum</em></strong></span> <span class='ocrx_word' id='word_1_123' title='bbox 619 1591 698 1649; x_wconf 87' lang='lat' dir='ltr'><strong><em>ad</em></strong></span> <span class='ocrx_word' id='word_1_124' title='bbox 741 1591 1095 1649; x_wconf 76' lang='lat' dir='ltr'><strong><em>meretricem</em></strong></span> <span class='ocrx_word' id='word_1_125' title='bbox 1139 1607 1472 1656; x_wconf 83' lang='lat' dir='ltr'>commeare,</span> <span class='ocrx_word' id='word_1_126' title='bbox 1519 1591 1658 1648; x_wconf 80' lang='lat' dir='ltr'><strong><em>hacc</em></strong></span> <span class='ocrx_word' id='word_1_127' title='bbox 1704 1590 1866 1662; x_wconf 77' lang='lat' dir='ltr'><strong><em>apud</em></strong></span> <span class='ocrx_word' id='word_1_128' title='bbox 1908 1592 2047 1649; x_wconf 84' lang='lat' dir='ltr'><strong><em>illas</em></strong></span> <span class='ocrx_word' id='word_1_129' title='bbox 2081 1609 2231 1663; x_wconf 77' lang='lat' dir='ltr'><strong><em>pm·-</em></strong></span> 
     </span>
     <span class='ocr_line' id='line_1_16' title="bbox 193 1679 2230 1753; baseline 0 -17"><span class='ocrx_word' id='word_1_130' title='bbox 193 1680 393 1752; x_wconf 75' lang='lat' dir='ltr'><strong><em>9auit‚·</em></strong></span> <span class='ocrx_word' id='word_1_131' title='bbox 429 1680 524 1737; x_wconf 78' lang='lat' dir='ltr'><strong><em>sm</em></strong></span> <span class='ocrx_word' id='word_1_132' title='bbox 559 1696 698 1737; x_wconf 79' lang='lat' dir='ltr'>uero</span> <span class='ocrx_word' id='word_1_133' title='bbox 734 1680 862 1738; x_wconf 88' lang='lat' dir='ltr'><strong><em>ideo</em></strong></span> <span class='ocrx_word' id='word_1_134' title='bbox 902 1683 984 1737; x_wconf 80' lang='lat' dir='ltr'><strong><em>est</em></strong></span> <span class='ocrx_word' id='word_1_135' title='bbox 1017 1681 1207 1736; x_wconf 76' lang='lat' dir='ltr'><strong><em>iratus</em></strong></span> <span class='ocrx_word' id='word_1_136' title='bbox 1234 1680 1458 1750; x_wconf 76' lang='lat' dir='ltr'><strong><em>Pamph</em></strong></span> <span class='ocrx_word' id='word_1_137' title='bbox 1468 1679 1598 1746; x_wconf 66' lang='lat' dir='ltr'><strong><em>ibae,</em></strong></span> <span class='ocrx_word' id='word_1_138' title='bbox 1636 1679 1789 1753; x_wconf 78' lang='lat' dir='ltr'><strong><em>quod</em></strong></span> <span class='ocrx_word' id='word_1_139' title='bbox 1826 1679 1975 1736; x_wconf 82' lang='lat' dir='ltr'><strong><em>clam</em></strong></span> <span class='ocrx_word' id='word_1_140' title='bbox 2002 1682 2230 1753; x_wconf 66' lang='lat' dir='ltr'>pepe-rit</span> 
     </span>
     <span class='ocr_line' id='line_1_17' title="bbox 198 1767 2308 1844; baseline 0.001 -20"><span class='ocrx_word' id='word_1_141' title='bbox 198 1785 362 1835; x_wconf 76' lang='lat' dir='ltr'>uxor,</span> <span class='ocrx_word' id='word_1_142' title='bbox 410 1767 561 1826; x_wconf 91' lang='lat' dir='ltr'><strong><em>leuis</em></strong></span> <span class='ocrx_word' id='word_1_143' title='bbox 609 1786 789 1828; x_wconf 85' lang='lat' dir='ltr'><strong><em>causa</em></strong></span> <span class='ocrx_word' id='word_1_144' title='bbox 834 1771 942 1842; x_wconf 89' lang='lat' dir='ltr'>est,</span> <span class='ocrx_word' id='word_1_145' title='bbox 989 1771 1354 1844; x_wconf 88' lang='lat' dir='ltr'>quapropter</span> <span class='ocrx_word' id='word_1_146' title='bbox 1401 1767 1713 1826; x_wconf 73' lang='lat' dir='ltr'><strong><em>discidium</em></strong></span> <span class='ocrx_word' id='word_1_147' title='bbox 1770 1786 1895 1826; x_wconf 89' lang='lat' dir='ltr'><strong><em>esse</em></strong></span> <span class='ocrx_word' id='word_1_148' title='bbox 1949 1788 2069 1827; x_wconf 94' lang='lat' dir='ltr'><strong><em>non</em></strong></span> <span class='ocrx_word' id='word_1_149' title='bbox 2124 1788 2227 1843; x_wconf 87' lang='lat' dir='ltr'><strong><em>po·</em></strong></span> <span class='ocrx_word' id='word_1_150' title='bbox 2261 1788 2308 1827; x_wconf 86' lang='lat'><strong><em>15</em></strong></span> 
     </span>
    </p>

    <p class='ocr_par' dir='ltr' id='par_1_6' title="bbox 32 1849 2236 2199">
     <span class='ocr_line' id='line_1_18' title="bbox 32 1849 2236 1917; baseline -0 -1"><span class='ocrx_word' id='word_1_151' title='bbox 32 1859 159 1916; x_wconf 84' lang='grc'><strong><em>789</em></strong></span> <span class='ocrx_word' id='word_1_152' title='bbox 196 1856 354 1914; x_wconf 89' lang='lat' dir='ltr'>terit.</span> <span class='ocrx_word' id='word_1_153' title='bbox 398 1889 482 1897; x_wconf 93' lang='lat'>—</span> <span class='ocrx_word' id='word_1_154' title='bbox 533 1849 621 1914; x_wconf 79' lang='lat'><strong><em>23</em></strong></span> <span class='ocrx_word' id='word_1_155' title='bbox 671 1875 801 1915; x_wconf 74' lang='grc' dir='ltr'><strong><em>ΝΛΜ</em></strong></span> <span class='ocrx_word' id='word_1_156' title='bbox 847 1874 1049 1917; x_wconf 78' lang='lat' dir='ltr'>NVPTA</span> <span class='ocrx_word' id='word_1_157' title='bbox 1096 1875 1433 1915; x_wconf 67' lang='lat' dir='ltr'><strong><em>Mani-:Tium</em></strong></span> <span class='ocrx_word' id='word_1_158' title='bbox 1470 1873 1688 1915; x_wconf 69' lang='lat' dir='ltr'><strong><em>Hosius</em></strong></span> <span class='ocrx_word' id='word_1_159' title='bbox 1727 1874 1840 1914; x_wconf 74' lang='lat' dir='ltr'><strong><em>ss&#39;r</em></strong></span> <span class='ocrx_word' id='word_1_160' title='bbox 1879 1876 1915 1913; x_wconf 76' lang='lat' dir='ltr'><strong><em>A</em></strong></span> <span class='ocrx_word' id='word_1_161' title='bbox 1966 1876 2094 1915; x_wconf 73' lang='lat' dir='ltr'><strong><em>vnto</em></strong></span> <span class='ocrx_word' id='word_1_162' title='bbox 2137 1876 2236 1916; x_wconf 72' lang='lat' dir='ltr'><strong><em>VB!</em></strong></span> 
     </span>
     <span class='ocr_line' id='line_1_19' title="bbox 199 1944 2230 2025; baseline 0 -22"><span class='ocrx_word' id='word_1_163' title='bbox 199 1963 540 2005; x_wconf 74' lang='lat' dir='ltr'><em>SEGREGATA</em></span> <span class='ocrx_word' id='word_1_164' title='bbox 586 1964 697 2004; x_wconf 90' lang='lat' dir='ltr'><strong><em>EST</em></strong></span> <span class='ocrx_word' id='word_1_165' title='bbox 731 1945 1015 2022; x_wconf 75' lang='lat' dir='ltr'><strong><em>quamdiu</em></strong></span> <span class='ocrx_word' id='word_1_166' title='bbox 1053 1948 1211 2005; x_wconf 88' lang='lat' dir='ltr'>enim</span> <span class='ocrx_word' id='word_1_167' title='bbox 1249 1965 1384 2006; x_wconf 91' lang='lat' dir='ltr'><strong><em>cum</em></strong></span> <span class='ocrx_word' id='word_1_168' title='bbox 1421 1944 1550 2004; x_wconf 91' lang='lat' dir='ltr'>uiro</span> <span class='ocrx_word' id='word_1_169' title='bbox 1589 1947 1695 2020; x_wconf 89' lang='lat' dir='ltr'>est,</span> <span class='ocrx_word' id='word_1_170' title='bbox 1731 1947 1932 2022; x_wconf 87' lang='lat' dir='ltr'>potest</span> <span class='ocrx_word' id='word_1_171' title='bbox 1965 1946 2230 2025; x_wconf 79' lang='lat' dir='ltr'><strong><em>intelligi</em></strong></span> 
     </span>
     <span class='ocr_line' id='line_1_20' title="bbox 195 2034 2228 2110; baseline 0 -17"><span class='ocrx_word' id='word_1_172' title='bbox 195 2035 394 2093; x_wconf 93' lang='lat' dir='ltr'><strong><em>uirum</em></strong></span> <span class='ocrx_word' id='word_1_173' title='bbox 450 2054 583 2094; x_wconf 91' lang='lat' dir='ltr'><strong><em>cum</em></strong></span> <span class='ocrx_word' id='word_1_174' title='bbox 639 2035 761 2094; x_wconf 82' lang='lat' dir='ltr'>alia</span> <span class='ocrx_word' id='word_1_175' title='bbox 815 2055 933 2094; x_wconf 92' lang='lat' dir='ltr'><strong><em>non</em></strong></span> <span class='ocrx_word' id='word_1_176' title='bbox 988 2054 1141 2107; x_wconf 83' lang='lat' dir='ltr'><strong><em>esse3</em></strong></span> <span class='ocrx_word' id='word_1_177' title='bbox 1198 2054 1354 2094; x_wconf 91' lang='lat' dir='ltr'><strong><em>nunc</em></strong></span> <span class='ocrx_word' id='word_1_178' title='bbox 1410 2038 1629 2110; x_wconf 86' lang='lat' dir='ltr'>autem,</span> <span class='ocrx_word' id='word_1_179' title='bbox 1683 2054 1818 2094; x_wconf 91' lang='lat' dir='ltr'><strong><em>cum</em></strong></span> <span class='ocrx_word' id='word_1_180' title='bbox 1865 2034 2145 2095; x_wconf 84' lang='lat' dir='ltr'><strong><em>discessio</em></strong></span> <span class='ocrx_word' id='word_1_181' title='bbox 2192 2055 2228 2093; x_wconf 86' lang='lat' dir='ltr'>a</span> 
     </span>
     <span class='ocr_line' id='line_1_21' title="bbox 193 2124 2224 2199; baseline 0 -16"><span class='ocrx_word' id='word_1_182' title='bbox 193 2124 326 2183; x_wconf 85' lang='lat' dir='ltr'>uiro</span> <span class='ocrx_word' id='word_1_183' title='bbox 374 2126 536 2183; x_wconf 86' lang='lat' dir='ltr'>facta</span> <span class='ocrx_word' id='word_1_184' title='bbox 582 2127 688 2198; x_wconf 89' lang='lat' dir='ltr'>est,</span> <span class='ocrx_word' id='word_1_185' title='bbox 734 2127 1014 2183; x_wconf 76' lang='lat' dir='ltr'><strong><em>meretrix</em></strong></span> <span class='ocrx_word' id='word_1_186' title='bbox 1060 2126 1341 2183; x_wconf 90' lang='lat' dir='ltr'>continuo</span> <span class='ocrx_word' id='word_1_187' title='bbox 1390 2126 1581 2183; x_wconf 89' lang='lat' dir='ltr'>amari</span> <span class='ocrx_word' id='word_1_188' title='bbox 1626 2124 1966 2199; x_wconf 84' lang='lat' dir='ltr'><strong><em>suspicatur</em></strong></span> <span class='ocrx_word' id='word_1_189' title='bbox 2003 2144 2039 2183; x_wconf 86' lang='lat' dir='ltr'>a</span> <span class='ocrx_word' id='word_1_190' title='bbox 2076 2127 2224 2184; x_wconf 85' lang='lat' dir='ltr'>uiro.</span> 
     </span>
    </p>
   </div>
   <div class='ocr_carea' id='block_1_4' title="bbox 1053 2264 1373 2271">
    <p class='ocr_par' dir='ltr' id='par_1_7' title="bbox 1053 2264 1373 2271">
     <span class='ocr_line' id='line_1_22' title="bbox 1053 2264 1373 2271; baseline 0 0"><span class='ocrx_word' id='word_1_191' title='bbox 1053 2264 1373 2271; x_wconf 95' lang='lat' dir='ltr'><strong><em> </em></strong></span> 
     </span>
    </p>
   </div>
   <div class='ocr_carea' id='block_1_5' title="bbox 1189 2358 1245 2414">
    <p class='ocr_par' dir='ltr' id='par_1_8' title="bbox 1189 2358 1245 2414">
     <span class='ocr_line' id='line_1_23' title="bbox 1189 2358 1245 2414; baseline -0.018 0"><span class='ocrx_word' id='word_1_192' title='bbox 1189 2358 1245 2414; x_wconf 84' lang='lat'><strong><em>3.</em></strong></span> 
     </span>
    </p>
   </div>
   <div class='ocr_carea' id='block_1_6' title="bbox 32 2472 2305 3003">
    <p class='ocr_par' dir='ltr' id='par_1_9' title="bbox 32 2472 2305 3003">
     <span class='ocr_line' id='line_1_24' title="bbox 32 2472 2305 2541; baseline -0.001 0"><span class='ocrx_word' id='word_1_193' title='bbox 32 2484 153 2541; x_wconf 81' lang='lat'><strong><em>⁷99</em></strong></span> <span class='ocrx_word' id='word_1_194' title='bbox 381 2472 416 2539; x_wconf 94' lang='lat' dir='ltr'><strong>l</strong></span> <span class='ocrx_word' id='word_1_195' title='bbox 466 2499 710 2540; x_wconf 63' lang='lat' dir='ltr'>lem-:Pon</span> <span class='ocrx_word' id='word_1_196' title='bbox 757 2500 837 2539; x_wconf 75' lang='lat' dir='ltr'><strong><em>NE</em></strong></span> <span class='ocrx_word' id='word_1_197' title='bbox 883 2498 1059 2538; x_wconf 72' lang='grc' dir='ltr'><strong>ΜΕΑΜ</strong></span> <span class='ocrx_word' id='word_1_198' title='bbox 1105 2499 1181 2538; x_wconf 79' lang='lat' dir='ltr'><strong><em>ER</em></strong></span> <span class='ocrx_word' id='word_1_199' title='bbox 1196 2498 1260 2537; x_wconf 82' lang='lat' dir='ltr'><strong><em>VS</em></strong></span> <span class='ocrx_word' id='word_1_200' title='bbox 1294 2498 1442 2537; x_wconf 89' lang='lat' dir='ltr'><em>ESSE</em></span> <span class='ocrx_word' id='word_1_201' title='bbox 1479 2499 1713 2537; x_wconf 76' lang='lat' dir='ltr'><em>OPERAM</em></span> <span class='ocrx_word' id='word_1_202' title='bbox 1743 2499 2013 2538; x_wconf 77' lang='lat' dir='ltr'><em>DEPVTAT</em></span> <span class='ocrx_word' id='word_1_203' title='bbox 2047 2500 2159 2538; x_wconf 74' lang='lat' dir='ltr'><strong><em>PAR</em></strong></span> <span class='ocrx_word' id='word_1_204' title='bbox 2172 2500 2233 2539; x_wconf 77' lang='lat' dir='ltr'><strong><em>VJ</em></strong></span> <span class='ocrx_word' id='word_1_205' title='bbox 2253 2500 2305 2539; x_wconf 81' lang='lat' dir='ltr'><strong><em>so</em></strong></span> 
     </span>
     <span class='ocr_line' id='line_1_25' title="bbox 196 2568 2225 2644; baseline 0 -16"><span class='ocrx_word' id='word_1_206' title='bbox 196 2589 401 2628; x_wconf 77' lang='lat' dir='ltr'><em>PEETJJ</em></span> <span class='ocrx_word' id='word_1_207' title='bbox 446 2588 603 2628; x_wconf 92' lang='lat' dir='ltr'><strong><em>nunc</em></strong></span> <span class='ocrx_word' id='word_1_208' title='bbox 648 2570 942 2627; x_wconf 82' lang='lat' dir='ltr'>Parmeno</span> <span class='ocrx_word' id='word_1_209' title='bbox 987 2569 1161 2644; x_wconf 81' lang='lat' dir='ltr'>redit,</span> <span class='ocrx_word' id='word_1_210' title='bbox 1211 2570 1317 2644; x_wconf 86' lang='lat' dir='ltr'><strong><em>qui</em></strong></span> <span class='ocrx_word' id='word_1_211' title='bbox 1371 2569 1586 2627; x_wconf 91' lang='lat' dir='ltr'><strong><em>missus</em></strong></span> <span class='ocrx_word' id='word_1_212' title='bbox 1639 2568 1704 2627; x_wconf 87' lang='lat' dir='ltr'>in</span> <span class='ocrx_word' id='word_1_213' title='bbox 1760 2588 1955 2628; x_wconf 86' lang='lat' dir='ltr'>arcem</span> <span class='ocrx_word' id='word_1_214' title='bbox 2010 2569 2225 2644; x_wconf 83' lang='lat' dir='ltr'>fuerat,</span> 
     </span>
     <span class='ocr_line' id='line_1_26' title="bbox 192 2658 2223 2733; baseline -0 -15"><span class='ocrx_word' id='word_1_215' title='bbox 192 2660 285 2718; x_wconf 90' lang='lat' dir='ltr'>uti</span> <span class='ocrx_word' id='word_1_216' title='bbox 332 2661 588 2717; x_wconf 83' lang='lat' dir='ltr'><strong><em>amicum</em></strong></span> <span class='ocrx_word' id='word_1_217' title='bbox 635 2660 995 2732; x_wconf 84' lang='lat' dir='ltr'>conueniret,</span> <span class='ocrx_word' id='word_1_218' title='bbox 1042 2660 1146 2733; x_wconf 90' lang='lat' dir='ltr'><strong><em>qui</em></strong></span> <span class='ocrx_word' id='word_1_219' title='bbox 1191 2658 1391 2717; x_wconf 90' lang='lat' dir='ltr'><strong><em>nullus</em></strong></span> <span class='ocrx_word' id='word_1_220' title='bbox 1439 2658 1651 2733; x_wconf 80' lang='lat' dir='ltr'>fuerat,</span> <span class='ocrx_word' id='word_1_221' title='bbox 1699 2659 1800 2717; x_wconf 92' lang='lat' dir='ltr'><strong><em>sed</em></strong></span> <span class='ocrx_word' id='word_1_222' title='bbox 1848 2662 1913 2716; x_wconf 77' lang='lat' dir='ltr'><strong><em>ut</em></strong></span> <span class='ocrx_word' id='word_1_223' title='bbox 1954 2660 2019 2716; x_wconf 74' lang='lat' dir='ltr'><strong><em>in</em></strong></span> <span class='ocrx_word' id='word_1_224' title='bbox 2053 2677 2223 2731; x_wconf 78' lang='lat' dir='ltr'>prae-</span> 
     </span>
     <span class='ocr_line' id='line_1_27' title="bbox 189 2747 2224 2822; baseline 0 -16"><span class='ocrx_word' id='word_1_225' title='bbox 189 2751 380 2807; x_wconf 76' lang='lat' dir='ltr'><strong><em>sentia</em></strong></span> <span class='ocrx_word' id='word_1_226' title='bbox 417 2748 584 2806; x_wconf 78' lang='lat' dir='ltr'><strong><em>domo</em></strong></span> <span class='ocrx_word' id='word_1_227' title='bbox 620 2749 947 2822; x_wconf 77' lang='lat' dir='ltr'><strong><em>discederet,</em></strong></span> <span class='ocrx_word' id='word_1_228' title='bbox 976 2766 1050 2805; x_wconf 93' lang='lat' dir='ltr'>ne</span> <span class='ocrx_word' id='word_1_229' title='bbox 1086 2766 1292 2806; x_wconf 92' lang='lat' dir='ltr'><strong><em>uocem</em></strong></span> <span class='ocrx_word' id='word_1_230' title='bbox 1327 2748 1721 2821; x_wconf 82' lang='lat' dir='ltr'>parturientis</span> <span class='ocrx_word' id='word_1_231' title='bbox 1759 2747 2009 2806; x_wconf 87' lang='lat' dir='ltr'>audiret.</span> <span class='ocrx_word' id='word_1_232' title='bbox 2058 2748 2224 2806; x_wconf 90' lang='lat' dir='ltr'><strong><em>uidet</em></strong></span> 
     </span>
     <span class='ocr_line' id='line_1_28' title="bbox 191 2835 2218 2911; baseline 0 -17"><span class='ocrx_word' id='word_1_233' title='bbox 191 2840 396 2895; x_wconf 87' lang='lat' dir='ltr'>autem</span> <span class='ocrx_word' id='word_1_234' title='bbox 449 2856 607 2897; x_wconf 75' lang='lat' dir='ltr'><strong><em>nunc</em></strong></span> <span class='ocrx_word' id='word_1_235' title='bbox 661 2838 732 2895; x_wconf 91' lang='lat' dir='ltr'><strong><em>de</em></strong></span> <span class='ocrx_word' id='word_1_236' title='bbox 790 2837 964 2896; x_wconf 93' lang='lat' dir='ltr'><strong><em>domo</em></strong></span> <span class='ocrx_word' id='word_1_237' title='bbox 1019 2838 1221 2895; x_wconf 89' lang='lat' dir='ltr'><strong><em>uxoris</em></strong></span> <span class='ocrx_word' id='word_1_238' title='bbox 1275 2835 1582 2911; x_wconf 83' lang='lat' dir='ltr'>Pamphili</span> <span class='ocrx_word' id='word_1_239' title='bbox 1629 2837 1783 2894; x_wconf 86' lang='lat' dir='ltr'>exire</span> <span class='ocrx_word' id='word_1_240' title='bbox 1832 2838 2218 2895; x_wconf 75' lang='lat' dir='ltr'>meretricem.</span> 
     </span>
     <span class='ocr_line' id='line_1_29' title="bbox 190 2925 2301 3003; baseline 0 -19"><span class='ocrx_word' id='word_1_241' title='bbox 190 2944 347 3002; x_wconf 82' lang='lat' dir='ltr'>quae</span> <span class='ocrx_word' id='word_1_242' title='bbox 403 2945 536 2985; x_wconf 92' lang='lat' dir='ltr'><strong><em>cum</em></strong></span> <span class='ocrx_word' id='word_1_243' title='bbox 595 2928 749 2986; x_wconf 90' lang='lat' dir='ltr'><strong><em>esset</em></strong></span> <span class='ocrx_word' id='word_1_244' title='bbox 792 2927 1077 3003; x_wconf 85' lang='lat' dir='ltr'><strong><em>ingressa,</em></strong></span> <span class='ocrx_word' id='word_1_245' title='bbox 1134 2928 1202 2983; x_wconf 90' lang='lat' dir='ltr'><strong><em>ut</em></strong></span> <span class='ocrx_word' id='word_1_246' title='bbox 1256 2943 1318 2983; x_wconf 89' lang='lat' dir='ltr'><strong><em>se</em></strong></span> <span class='ocrx_word' id='word_1_247' title='bbox 1374 2928 1680 3003; x_wconf 79' lang='lat' dir='ltr'>purgaret,</span> <span class='ocrx_word' id='word_1_248' title='bbox 1733 2926 1799 2982; x_wconf 90' lang='lat' dir='ltr'>in</span> <span class='ocrx_word' id='word_1_249' title='bbox 1854 2925 2043 3003; x_wconf 82' lang='lat' dir='ltr'><strong><em>digito</em></strong></span> <span class='ocrx_word' id='word_1_250' title='bbox 2091 2926 2219 2984; x_wconf 91' lang='lat' dir='ltr'><strong><em>eius</em></strong></span> <span class='ocrx_word' id='word_1_251' title='bbox 2250 2945 2301 2985; x_wconf 77' lang='lat'><strong><em>25</em></strong></span> 
     </span>
    </p>
   </div>
   <div class='ocr_carea' id='block_1_7' title="bbox 185 3110 2220 3682">
    <p class='ocr_par' dir='ltr' id='par_1_10' title="bbox 185 3110 2220 3682">
     <span class='ocr_line' id='line_1_30' title="bbox 371 3110 2220 3184; baseline 0.001 -19"><span class='ocrx_word' id='word_1_252' title='bbox 371 3119 401 3165; x_wconf 82' lang='lat'><strong>2</strong></span> <span class='ocrx_word' id='word_1_253' title='bbox 440 3113 608 3167; x_wconf 87' lang='lat' dir='ltr'><strong><em>huius</em></strong></span> <span class='ocrx_word' id='word_1_254' title='bbox 645 3131 745 3168; x_wconf 89' lang='lat' dir='ltr'><strong><em>om.</em></strong></span> <span class='ocrx_word' id='word_1_255' title='bbox 780 3114 831 3168; x_wconf 76' lang='lat' dir='ltr'><strong><em>G</em></strong></span> <span class='ocrx_word' id='word_1_256' title='bbox 858 3116 877 3184; x_wconf 83' lang='grc' dir='ltr'><strong><em>ΙΙ</em></strong></span> <span class='ocrx_word' id='word_1_257' title='bbox 905 3118 936 3166; x_wconf 84' lang='grc'><strong>5</strong></span> <span class='ocrx_word' id='word_1_258' title='bbox 975 3115 1137 3182; x_wconf 82' lang='lat' dir='ltr'>pater</span> <span class='ocrx_word' id='word_1_259' title='bbox 1171 3111 1396 3181; x_wconf 76' lang='lat' dir='ltr'>puellae</span> <span class='ocrx_word' id='word_1_260' title='bbox 1437 3133 1472 3164; x_wconf 83' lang='grc' dir='ltr'>α</span> <span class='ocrx_word' id='word_1_261' title='bbox 1500 3114 1517 3181; x_wconf 81' lang='grc' dir='ltr'><strong><em>ΙΙ</em></strong></span> <span class='ocrx_word' id='word_1_262' title='bbox 1548 3118 1578 3164; x_wconf 93' lang='grc'><strong>6</strong></span> <span class='ocrx_word' id='word_1_263' title='bbox 1617 3111 1900 3182; x_wconf 75' lang='lat' dir='ltr'>meretrix]</span> <span class='ocrx_word' id='word_1_264' title='bbox 1939 3110 2042 3165; x_wconf 83' lang='lat' dir='ltr'>illa</span> <span class='ocrx_word' id='word_1_265' title='bbox 2078 3114 2220 3181; x_wconf 81' lang='lat' dir='ltr'><strong><em>(post</em></strong></span> 
     </span>
     <span class='ocr_line' id='line_1_31' title="bbox 186 3182 2219 3256; baseline -0.001 -18"><span class='ocrx_word' id='word_1_266' title='bbox 186 3184 508 3254; x_wconf 75' lang='lat' dir='ltr'>pollicetur)</span> <span class='ocrx_word' id='word_1_267' title='bbox 547 3205 584 3237; x_wconf 85' lang='grc' dir='ltr'><em>α</em></span> <span class='ocrx_word' id='word_1_268' title='bbox 613 3189 630 3255; x_wconf 75' lang='grc' dir='ltr'><strong><em>ΙΙ</em></strong></span> <span class='ocrx_word' id='word_1_269' title='bbox 659 3190 690 3238; x_wconf 87' lang='grc'>8</span> <span class='ocrx_word' id='word_1_270' title='bbox 731 3186 846 3256; x_wconf 74' lang='lat' dir='ltr'><strong><em>nsr]</em></strong></span> <span class='ocrx_word' id='word_1_271' title='bbox 887 3185 964 3239; x_wconf 87' lang='lat' dir='ltr'><strong><em>sit</em></strong></span> <span class='ocrx_word' id='word_1_272' title='bbox 993 3184 1052 3236; x_wconf 89' lang='lat' dir='ltr'><em>F</em></span> <span class='ocrx_word' id='word_1_273' title='bbox 1073 3187 1092 3254; x_wconf 82' lang='grc' dir='ltr'><strong><em>ΙΙ</em></strong></span> <span class='ocrx_word' id='word_1_274' title='bbox 1120 3189 1150 3236; x_wconf 86' lang='grc'><em>9</em></span> <span class='ocrx_word' id='word_1_275' title='bbox 1192 3183 1241 3236; x_wconf 90' lang='lat' dir='ltr'><strong><em>si</em></strong></span> <span class='ocrx_word' id='word_1_276' title='bbox 1269 3183 1406 3251; x_wconf 88' lang='lat' dir='ltr'><strong><em>quid</em></strong></span> <span class='ocrx_word' id='word_1_277' title='bbox 1436 3184 1664 3238; x_wconf 72' lang='lat' dir='ltr'><strong><em>Schoellt</em></strong></span> <span class='ocrx_word' id='word_1_278' title='bbox 1704 3183 1802 3236; x_wconf 86' lang='lat' dir='ltr'><strong><em>sed</em></strong></span> <span class='ocrx_word' id='word_1_279' title='bbox 1841 3183 1991 3250; x_wconf 89' lang='lat' dir='ltr'><strong><em>quod</em></strong></span> <span class='ocrx_word' id='word_1_280' title='bbox 2019 3182 2171 3238; x_wconf 85' lang='lat' dir='ltr'><strong><em>codd.</em></strong></span> <span class='ocrx_word' id='word_1_281' title='bbox 2202 3185 2219 3252; x_wconf 84' lang='grc' dir='ltr'><strong><em>ΙΙ</em></strong></span> 
     </span>
     <span class='ocr_line' id='line_1_32' title="bbox 191 3253 2217 3327; baseline -0.001 -18"><span class='ocrx_word' id='word_1_282' title='bbox 191 3262 258 3309; x_wconf 91' lang='grc'><strong><em>10</em></strong></span> <span class='ocrx_word' id='word_1_283' title='bbox 296 3274 392 3308; x_wconf 67' lang='lat' dir='ltr'><strong><em>nsi·</em></strong></span> <span class='ocrx_word' id='word_1_284' title='bbox 430 3273 531 3309; x_wconf 91' lang='lat' dir='ltr'><strong><em>om.</em></strong></span> <span class='ocrx_word' id='word_1_285' title='bbox 567 3257 618 3311; x_wconf 75' lang='lat' dir='ltr'><strong><em>G</em></strong></span> <span class='ocrx_word' id='word_1_286' title='bbox 671 3258 689 3325; x_wconf 90' lang='grc' dir='ltr'><strong><em>ΙΙ</em></strong></span> <span class='ocrx_word' id='word_1_287' title='bbox 747 3263 812 3309; x_wconf 88' lang='lat'><strong><em>14</em></strong></span> <span class='ocrx_word' id='word_1_288' title='bbox 861 3259 948 3310; x_wconf 90' lang='lat' dir='ltr'>est</span> <span class='ocrx_word' id='word_1_289' title='bbox 985 3272 1085 3310; x_wconf 89' lang='lat' dir='ltr'><strong><em>om.</em></strong></span> <span class='ocrx_word' id='word_1_290' title='bbox 1120 3255 1172 3309; x_wconf 74' lang='lat' dir='ltr'><em>G</em></span> <span class='ocrx_word' id='word_1_291' title='bbox 1225 3257 1243 3324; x_wconf 85' lang='grc' dir='ltr'><strong><em>ΙΙ</em></strong></span> <span class='ocrx_word' id='word_1_292' title='bbox 1302 3260 1366 3307; x_wconf 80' lang='grc'><strong><em>13</em></strong></span> <span class='ocrx_word' id='word_1_293' title='bbox 1407 3254 1745 3327; x_wconf 85' lang='lat' dir='ltr'>&lt;exequitur</span> <span class='ocrx_word' id='word_1_294' title='bbox 1790 3254 1984 3321; x_wconf 82' lang='lat' dir='ltr'>itaque</span> <span class='ocrx_word' id='word_1_295' title='bbox 2028 3253 2217 3307; x_wconf 81' lang='lat' dir='ltr'><strong><em>uarias</em></strong></span> 
     </span>
     <span class='ocr_line' id='line_1_33' title="bbox 188 3324 2218 3519; baseline 0 -140"><span class='ocrx_word' id='word_1_296' title='bbox 188 3343 405 3393; x_wconf 87' lang='lat' dir='ltr'><strong><em>causas,</em></strong></span> <span class='ocrx_word' id='word_1_297' title='bbox 437 3330 666 3396; x_wconf 88' lang='lat' dir='ltr'>propter</span> <span class='ocrx_word' id='word_1_298' title='bbox 693 3344 850 3395; x_wconf 87' lang='lat' dir='ltr'><strong><em>quas,</em></strong></span> <span class='ocrx_word' id='word_1_299' title='bbox 880 3326 1015 3395; x_wconf 81' lang='lat' dir='ltr'><strong><em>quia</em></strong></span> <span class='ocrx_word' id='word_1_300' title='bbox 1040 3341 1223 3380; x_wconf 82' lang='lat' dir='ltr'>uanae</span> <span class='ocrx_word' id='word_1_301' title='bbox 1250 3325 1387 3519; x_wconf 59' lang='lat' dir='ltr'>uelj</span> <span class='ocrx_word' id='word_1_302' title='bbox 1409 3325 1562 3379; x_wconf 89' lang='lat' dir='ltr'><strong><em>leues</em></strong></span> <span class='ocrx_word' id='word_1_303' title='bbox 1592 3329 1739 3392; x_wconf 91' lang='lat' dir='ltr'><strong><em>sunt,</em></strong></span> <span class='ocrx_word' id='word_1_304' title='bbox 1768 3324 2068 3379; x_wconf 87' lang='lat' dir='ltr'><strong><em>discidium</em></strong></span> <span class='ocrx_word' id='word_1_305' title='bbox 2098 3341 2218 3379; x_wconf 90' lang='lat' dir='ltr'><strong><em>esse</em></strong></span> 
     </span>
     <span class='ocr_line' id='line_1_34' title="bbox 185 3396 2217 3467; baseline -0.001 -16"><span class='ocrx_word' id='word_1_306' title='bbox 185 3415 299 3451; x_wconf 92' lang='lat' dir='ltr'><strong><em>non</em></strong></span> <span class='ocrx_word' id='word_1_307' title='bbox 327 3399 540 3466; x_wconf 88' lang='lat' dir='ltr'>poterit</span> <span class='ocrx_word' id='word_1_308' title='bbox 568 3420 605 3452; x_wconf 87' lang='grc' dir='ltr'><strong><em>οι</em></strong></span> <span class='ocrx_word' id='word_1_309' title='bbox 632 3400 651 3467; x_wconf 88' lang='grc' dir='ltr'><strong><em>ΙΙ</em></strong></span> <span class='ocrx_word' id='word_1_310' title='bbox 681 3405 744 3452; x_wconf 78' lang='grc'><strong><em>17</em></strong></span> <span class='ocrx_word' id='word_1_311' title='bbox 775 3398 1047 3467; x_wconf 81' lang='lat' dir='ltr'><strong><em>quamdiu</em></strong></span> <span class='ocrx_word' id='word_1_312' title='bbox 1070 3430 1139 3438; x_wconf 90' lang='lat'>—</span> <span class='ocrx_word' id='word_1_313' title='bbox 1168 3415 1200 3450; x_wconf 85' lang='lat' dir='ltr'>a</span> <span class='ocrx_word' id='word_1_314' title='bbox 1228 3398 1351 3450; x_wconf 88' lang='lat' dir='ltr'>uiro</span> <span class='ocrx_word' id='word_1_315' title='bbox 1404 3397 1463 3450; x_wconf 90' lang='lat' dir='ltr'>in</span> <span class='ocrx_word' id='word_1_316' title='bbox 1492 3400 1689 3450; x_wconf 85' lang='lat' dir='ltr'>mutua</span> <span class='ocrx_word' id='word_1_317' title='bbox 1716 3397 1907 3450; x_wconf 82' lang='lat' dir='ltr'>mariti</span> <span class='ocrx_word' id='word_1_318' title='bbox 1946 3400 2003 3450; x_wconf 88' lang='lat' dir='ltr'><strong><em>et</em></strong></span> <span class='ocrx_word' id='word_1_319' title='bbox 2028 3396 2217 3449; x_wconf 90' lang='lat' dir='ltr'><strong><em>uxoris</em></strong></span> 
     </span>
     <span class='ocr_line' id='line_1_35' title="bbox 186 3467 2219 3538; baseline -0.001 -15"><span class='ocrx_word' id='word_1_320' title='bbox 186 3470 458 3523; x_wconf 84' lang='lat' dir='ltr'>societate</span> <span class='ocrx_word' id='word_1_321' title='bbox 497 3487 609 3523; x_wconf 90' lang='lat' dir='ltr'><strong><em>non</em></strong></span> <span class='ocrx_word' id='word_1_322' title='bbox 646 3472 733 3524; x_wconf 89' lang='lat' dir='ltr'>est</span> <span class='ocrx_word' id='word_1_323' title='bbox 767 3470 920 3524; x_wconf 85' lang='lat' dir='ltr'>mala</span> <span class='ocrx_word' id='word_1_324' title='bbox 958 3469 1220 3538; x_wconf 78' lang='lat' dir='ltr'><strong><em>suspicio,</em></strong></span> <span class='ocrx_word' id='word_1_325' title='bbox 1269 3484 1327 3522; x_wconf 88' lang='lat' dir='ltr'><strong><em>se</em></strong></span> <span class='ocrx_word' id='word_1_326' title='bbox 1406 3468 1465 3521; x_wconf 91' lang='lat' dir='ltr'>in</span> <span class='ocrx_word' id='word_1_327' title='bbox 1503 3483 1715 3521; x_wconf 32' lang='lat' dir='ltr'>eorum*</span> <span class='ocrx_word' id='word_1_328' title='bbox 1741 3467 2081 3522; x_wconf 85' lang='lat' dir='ltr'><strong><em>discessione</em></strong></span> <span class='ocrx_word' id='word_1_329' title='bbox 2120 3470 2219 3521; x_wconf 83' lang='lat' dir='ltr'><strong><em>aut</em></strong></span> 
     </span>
     <span class='ocr_line' id='line_1_36' title="bbox 187 3538 2215 3610; baseline 0 -17"><span class='ocrx_word' id='word_1_330' title='bbox 187 3542 328 3595; x_wconf 85' lang='lat' dir='ltr'>haec</span> <span class='ocrx_word' id='word_1_331' title='bbox 356 3541 621 3595; x_wconf 86' lang='lat' dir='ltr'>meretrix</span> <span class='ocrx_word' id='word_1_332' title='bbox 640 3544 739 3595; x_wconf 86' lang='lat' dir='ltr'><strong><em>aut</em></strong></span> <span class='ocrx_word' id='word_1_333' title='bbox 757 3542 855 3595; x_wconf 89' lang='lat' dir='ltr'>ille</span> <span class='ocrx_word' id='word_1_334' title='bbox 876 3541 1101 3595; x_wconf 82' lang='lat' dir='ltr'>adulter</span> <span class='ocrx_word' id='word_1_335' title='bbox 1120 3540 1406 3593; x_wconf 82' lang='lat' dir='ltr'><strong><em>iudicatur</em></strong></span> <span class='ocrx_word' id='word_1_336' title='bbox 1424 3561 1461 3592; x_wconf 86' lang='grc' dir='ltr'>α</span> <span class='ocrx_word' id='word_1_337' title='bbox 1489 3540 1506 3608; x_wconf 87' lang='grc' dir='ltr'><strong><em>ΙΙ</em></strong></span> <span class='ocrx_word' id='word_1_338' title='bbox 1537 3545 1603 3593; x_wconf 90' lang='grc'><strong><em>18</em></strong></span> <span class='ocrx_word' id='word_1_339' title='bbox 1633 3538 1895 3593; x_wconf 82' lang='lat' dir='ltr'><strong><em>discessio</em></strong></span> <span class='ocrx_word' id='word_1_340' title='bbox 1922 3540 2004 3594; x_wconf 84' lang='lat' dir='ltr'><strong><em>W.</em></strong></span> <span class='ocrx_word' id='word_1_341' title='bbox 2022 3542 2110 3608; x_wconf 78' lang='lat' dir='ltr'><strong><em>(cf.</em></strong></span> <span class='ocrx_word' id='word_1_342' title='bbox 2133 3543 2215 3610; x_wconf 84' lang='grc' dir='ltr'><strong><em>α);</em></strong></span> 
     </span>
     <span class='ocr_line' id='line_1_37' title="bbox 186 3610 1976 3682; baseline 0 -18"><span class='ocrx_word' id='word_1_343' title='bbox 186 3613 537 3666; x_wconf 85' lang='lat' dir='ltr'><strong><em>discessisset</em></strong></span> <span class='ocrx_word' id='word_1_344' title='bbox 563 3614 716 3667; x_wconf 88' lang='lat' dir='ltr'><strong><em>codd.</em></strong></span> <span class='ocrx_word' id='word_1_345' title='bbox 746 3616 857 3682; x_wconf 80' lang='grc'>1121</span> <span class='ocrx_word' id='word_1_346' title='bbox 898 3615 1018 3667; x_wconf 83' lang='lat' dir='ltr'>erat</span> <span class='ocrx_word' id='word_1_347' title='bbox 1055 3634 1092 3666; x_wconf 85' lang='grc' dir='ltr'>α</span> <span class='ocrx_word' id='word_1_348' title='bbox 1120 3614 1137 3681; x_wconf 79' lang='grc' dir='ltr'><strong><em>ΙΙ</em></strong></span> <span class='ocrx_word' id='word_1_349' title='bbox 1166 3616 1232 3664; x_wconf 85' lang='grc'><strong><em>23</em></strong></span> <span class='ocrx_word' id='word_1_350' title='bbox 1271 3626 1342 3664; x_wconf 91' lang='lat' dir='ltr'>ne</span> <span class='ocrx_word' id='word_1_351' title='bbox 1377 3618 1499 3679; x_wconf 79' lang='lat' dir='ltr'><strong><em>post</em></strong></span> <span class='ocrx_word' id='word_1_352' title='bbox 1534 3610 1901 3679; x_wconf 85' lang='lat' dir='ltr'>parturientis</span> <span class='ocrx_word' id='word_1_353' title='bbox 1939 3631 1976 3664; x_wconf 89' lang='grc' dir='ltr'>α</span> 
     </span>
    </p>
   </div>
   <div class='ocr_carea' id='block_1_8' title="bbox 292 3704 1891 3762">
    <p class='ocr_par' dir='ltr' id='par_1_11' title="bbox 292 3704 1891 3762">
     <span class='ocr_line' id='line_1_38' title="bbox 292 3704 1891 3762; baseline -0.001 -2"><span class='ocrx_word' id='word_1_354' title='bbox 292 3720 466 3760; x_wconf 73' lang='lat' dir='ltr'>Donati</span> <span class='ocrx_word' id='word_1_355' title='bbox 492 3731 652 3760; x_wconf 82' lang='lat' dir='ltr'><strong><em>comm.</em></strong></span> <span class='ocrx_word' id='word_1_356' title='bbox 680 3732 767 3760; x_wconf 85' lang='lat' dir='ltr'>rec.</span> <span class='ocrx_word' id='word_1_357' title='bbox 795 3721 881 3762; x_wconf 86' lang='lat' dir='ltr'>We</span> <span class='ocrx_word' id='word_1_358' title='bbox 892 3732 913 3761; x_wconf 84' lang='lat' dir='ltr'><strong><em>s</em></strong></span> <span class='ocrx_word' id='word_1_359' title='bbox 925 3733 945 3761; x_wconf 86' lang='lat' dir='ltr'><strong><em>s</em></strong></span> <span class='ocrx_word' id='word_1_360' title='bbox 957 3733 988 3760; x_wconf 86' lang='lat' dir='ltr'>n</span> <span class='ocrx_word' id='word_1_361' title='bbox 999 3732 1021 3759; x_wconf 87' lang='lat' dir='ltr'>e</span> <span class='ocrx_word' id='word_1_362' title='bbox 1033 3732 1067 3760; x_wconf 84' lang='lat' dir='ltr'>r.</span> <span class='ocrx_word' id='word_1_363' title='bbox 1096 3720 1173 3759; x_wconf 84' lang='lat' dir='ltr'><strong><em>m</em></strong></span> <span class='ocrx_word' id='word_1_364' title='bbox 1202 3723 1237 3759; x_wconf 92' lang='lat'><strong><em>1.</em></strong></span> <span class='ocrx_word' id='word_1_365' title='bbox 1827 3706 1851 3751; x_wconf 84' lang='lat' dir='ltr'>l</span> <span class='ocrx_word' id='word_1_366' title='bbox 1862 3704 1891 3752; x_wconf 87' lang='lat'>9</span> 
     </span>
    </p>
   </div>
  </div>
 </body>
</html>
