2661 3940
834 277 1221 332 ADELPHOE
1261 278 1286 330 1
1327 284 1375 345 1,
1407 284 1598 347 25—2,
1630 283 1661 331 6
2131 277 2260 341 299

229 446 392 523 quod
430 448 699 506 amicitia
736 447 1103 524 adiungitur,
1134 446 1615 523 quandoquidem
1651 447 1811 523 quod
1851 449 2086 522 oportet
2114 441 2258 523 <et>

228 556 301 594 ex
347 555 600 614 persona
656 554 763 595 sua
810 539 916 608 est,
973 536 1034 595 id
1090 536 1273 595 efficit
1322 555 1441 594 non
1488 537 1819 610 uoluntate,
1865 555 1985 595 non
2031 540 2261 612 sponte,

228 626 332 685 sed
382 627 447 684 ui
484 630 727 684 coactuS.
774 627 875 684 sed
909 626 1072 684 mala
1117 630 1238 684 tam
1283 625 1387 683 diu
1432 628 1547 683 ista
1583 621 1783 702 (non)
1822 626 2014 698 efficit,
2059 643 2261 698 quam-

230 716 335 774 diu
380 715 646 788 intelligit
679 715 819 773 sciri
851 731 1042 787 posse,
1079 717 1131 772 si
1167 716 1340 774 aliter
1375 716 1604 787 fecerit‚·
1651 732 1781 790 erqo
1816 716 2049 773 interim
2074 718 2263 787 pauet

232 809 285 862 et
316 807 617 877 prospicit.
664 807 759 863 sin
799 808 992 863 autem
1028 808 1226 876 sperat
1260 803 1413 863 clam
1447 805 1717 876 futurum
1754 821 1874 862 esse
1908 804 2062 877 quod
2097 805 2259 876 facit,
2315 825 2338 864 5

232 895 543 953 reuertitur
601 894 680 951 ad
723 896 1039 968 ingenium,
1085 895 1172 952 uti
1216 894 1371 952 male
1414 894 1613 964 faciat.
1689 895 1753 951 at
1797 911 1937 951 uero
1983 893 2103 968 ille,
2152 894 2259 969 qui

232 1003 303 1041 ex
349 985 550 1041 animo
598 982 760 1056 facit,
819 1003 889 1039 ex
943 981 1226 1041 beneficio
1285 982 1499 1055 uictus,
1554 1001 1672 1040 non
1719 996 1790 1040 ex
1835 984 2059 1040 terrore
2105 1000 2261 1040 com-

230 1073 437 1147 pulsus
483 1072 617 1130 uult
660 1072 913 1130 multam
959 1071 1176 1130 referre
1223 1071 1486 1149 gratiam
1533 1072 1670 1130 bene
1713 1072 1935 1129 meritis
1946 1091 1968 1140 ‚·
2013 1071 2142 1129 licet
2175 1073 2260 1129 ita

222 1178 509 1233 praesens
552 1164 643 1230 sit,
691 1162 819 1219 licet
862 1163 1069 1220 absens
1113 1163 1205 1228 sit,
1256 1160 1318 1218 id
1365 1178 1431 1219 ex
1477 1162 1673 1219 animo
1724 1162 1871 1233 facit
1922 1177 2146 1232 semper
2191 1178 2261 1218 ac

232 1249 472 1323 complet
526 1269 592 1307 ea
647 1268 796 1322 quae
858 1254 1013 1309 recta
1068 1253 1218 1309 sunt.
1302 1250 1415 1308 hoc
1471 1268 1612 1326 ergo
1669 1248 1744 1307 ad
1799 1250 1999 1325 patres
2059 1248 2259 1323 potius
2289 1270 2341 1307 ιο

230 1338 507 1414 pertinet,
562 1339 655 1396 uti
709 1339 820 1397 filii
875 1338 1033 1415 quod
1088 1338 1319 1398 faciunt
1374 1342 1532 1397 recte
1590 1356 1697 1396 sua
1753 1341 1962 1413 sponte
2018 1339 2261 1411 faciant,

231 1446 346 1486 non
398 1426 591 1486 alieno
638 1430 802 1486 metu
858 1433 1027 1501 atque
1081 1433 1312 1501 terrore,
1366 1428 1587 1503 quippe
1640 1447 1773 1486 cum
1823 1429 2059 1487 intersit
2106 1429 2264 1485 inter

231 1517 537 1575 dominum
576 1520 756 1592 atque
794 1520 1051 1594 patrem:
1088 1537 1226 1575 nam
1267 1520 1440 1593 pater
1474 1518 1741 1591 lenitate,
1771 1516 2042 1575 dominus
2079 1517 2260 1575 hono·

232 1610 399 1665 ratur
444 1610 621 1664 metu.

1225 1788 1280 1842 2.

102 1892 191 1949 81
416 1883 451 1950 l
513 1911 642 1949 ΗΕΜ
699 1910 1061 1951 OPPORTVNE
1122 1891 1394 1950 iracundi
1460 1891 1715 1948 hominis
1781 1891 2061 1949 continuo
2126 1910 2259 1967 pro·
2293 1911 2342 1949 15

232 1984 512 2040 nuntiata
549 1984 844 2040 sententia
882 1984 987 2055 est,
1026 1982 1132 2058 qui
1169 1982 1467 2040 salutatus
1505 1981 1839 2039 resalutare
1877 1982 2094 2052 noluit,
2132 1999 2263 2039 cum

234 2075 286 2128 et
320 2088 505 2143 supra
542 2073 780 2129 dixisset
806 2071 879 2144 (I
904 2076 961 2139 1,
993 2070 1283 2144 55—56)
1315 2065 1572 2129 ‘saluum
1610 2074 1659 2128 te
1695 2071 1993 2139 aduenire,
2022 2071 2261 2138 Demea,

228 2154 602 2233 gaudemus&
669 2164 721 2218 et
771 2161 879 2228 hic,
935 2162 1088 2233 quod
1139 2162 1472 2233 frequenter
1526 2159 1666 2227 dixi,
1722 2161 1888 2217 domo
1945 2160 2264 2218 discedente

234 2250 406 2321 quasi
469 2249 755 2321 quaedam
807 2249 1119 2307 uidebatur
1180 2268 1300 2307 esse
1353 2250 1653 2322 profectiO,
1708 2249 1836 2305 ideo
1895 2244 2154 2308 ‘saluum
2214 2253 2265 2308 te

102 2338 198 2395 82
235 2338 517 2396 aduenire
574 2333 931 2411 qaudemus'
992 2340 1143 2396 dicit.
1193 2370 1278 2378 —
1339 2331 1379 2395 2
1440 2355 1639 2396 RoeAs
1705 2356 1788 2394 ME
1851 2333 2109 2415 No<131>s
2172 2357 2271 2396 VBI
2293 2358 2345 2395 ρο

236 2445 495 2484 AEscfflN
503 2445 568 2482 vs
613 2445 745 2484 SJET
800 2445 831 2491 Q
844 2446 938 2484 νη)
997 2445 1223 2484 Tarsus
1267 2446 1379 2484 Eeo
1437 2445 1542 2484 sm
1580 2427 1913 2504 interrogas
1961 2447 2070 2502 me,
2120 2427 2263 2502 quid

234 2535 345 2592 ego
374 2515 564 2573 tristis
593 2516 721 2589 sim,
751 2534 888 2572 cum
917 2515 1275 2574 Aeschinum
1303 2515 1493 2572 filium
1523 2533 1640 2573 non
1676 2515 2008 2575 habemus?
2054 2516 2263 2575 deinde

105 2605 194 2662 84
234 2605 493 2679 sumpsit
548 2605 883 2681 generalem
940 2606 1378 2663 accusationem
1446 2596 1490 2661 4
1559 2622 1726 2670 QVEM
1791 2623 1993 2669 NEQVE
2060 2623 2262 2662 Pvnn'r

237 2712 269 2759 Q
283 2711 407 2758 mco
420 2712 539 2751 VAM
577 2712 693 2752 NEc
734 2712 962 2751 METVIT
1006 2711 1044 2758 Q
1059 2712 1208 2758 VEMQ
1222 2713 1341 2750 VAM
1380 2712 1497 2750 mxc
1539 2711 1740 2750 LEGEM
1786 2711 1824 2749 P
1838 2711 1980 2750 VTAT
2031 2712 2269 2751 TENERE

235 2802 310 2842 SE
350 2801 574 2841 VLLAM.
625 2783 906 2857 quoniam
955 2787 1324 2842 accusatores
1374 2786 1595 2840 constat
1639 2800 1868 2855 semper
1914 2782 1984 2840 de
2030 2787 2260 2857 praete·
2292 2801 2343 2839 ‘25

231 2872 367 2931 ritis
412 2872 588 2931 fidem
634 2873 846 2945 facere,
902 2873 1058 2931 sicut
1114 2876 1167 2929 et
1211 2872 1431 2931 crimen
1489 2889 1805 2946 apponere,
1857 2874 2108 2945 apponit
2152 2872 2263 2931 hoc

111 2961 196 3019 86
236 2954 280 3019 6
337 2979 468 3019 NAM
522 2978 665 3018 ILLA
712 2979 767 3027 Q.
807 2979 865 3019 A.
895 2981 952 3020 H.
983 2979 1037 3019 F.
1070 2979 1117 3019 s.
1148 2980 1203 3020 o.
1233 2981 1295 3020 M.
1327 2978 1384 3026 Q.
1416 2978 1804 3020 DnsmNAvIT.
1880 2959 2262 3037 designare

233 3050 470 3126 proprie
519 3050 739 3110 dicitur
787 3049 1014 3125 aliquid
1062 3050 1367 3126 signatum
1413 3050 1644 3126 legibus
1691 3069 1983 3124 rumpere.
2051 3050 2262 3108 deinde

417 3243 442 3290 1
486 3238 637 3304 quod
677 3243 722 3291 1.
754 3253 855 3291 om.
890 3238 942 3293 G
974 3239 982 3304 Ι
1016 3238 1280 3307 adiungit
1317 3237 1525 3307 (iungit
1557 3237 1627 3305 G)
1657 3238 1808 3291 codd.
1845 3241 1852 3305 Ι
1885 3239 1978 3305 qsn
2009 3240 2097 3305 (=
2126 3255 2263 3305 quo·

234 3306 407 3376 niam)
446 3308 676 3376 quidem
714 3309 866 3363 codd.
906 3309 1120 3379 (recte?)
1172 3312 1178 3378 Ι
1239 3312 1296 3362 et
1334 3309 1463 3363 add.
1505 3309 1587 3361 W.
1653 3310 1670 3377 ΙΙ
1735 3313 1766 3360 3
1807 3323 1915 3361 non
1955 3309 2083 3361 add.
2125 3310 2208 3363 W.
2247 3311 2264 3376 ΙΙ

234 3385 268 3431 4
305 3379 447 3432 scire
489 3380 556 3447 G,
595 3396 731 3433 corr.
774 3381 856 3434 W.
885 3383 903 3449 ΙΙ
933 3387 964 3433 9
1003 3382 1093 3451 ex]
1133 3380 1184 3433 ei
1218 3381 1270 3434 G
1297 3383 1315 3449 ΙΙ
1346 3385 1413 3433 10
1449 3379 1557 3433 hoc
1595 3379 1751 3450 ergo]
1790 3380 1879 3433 hic
1915 3380 2113 3446 incipit
2146 3381 2261 3433 cod.

236 3452 292 3504 P
320 3452 339 3519 11
378 3457 443 3504 13
481 3450 741 3523 lenitate]
779 3452 1072 3506 uoluntate
1114 3451 1278 3506 Goetz
1311 3457 1318 3519 Ι
1353 3451 1659 3505 honoratur
1695 3450 1875 3521 metu]
1916 3453 2067 3503 metu
2110 3450 2267 3504 ualet

236 3542 272 3574 α
309 3525 328 3591 ΙΙ
366 3528 432 3576 16
471 3523 592 3594 qui]
631 3540 684 3590 q>
709 3525 760 3577 G
786 3527 803 3593 ΙΙ
833 3530 900 3576 20
937 3524 1034 3594 un]
1072 3539 1142 3576 ne
1185 3524 1236 3576 G
1262 3526 1280 3592 ΙΙ
1319 3528 1388 3575 24
1426 3539 1483 3576 se
1521 3525 1711 3576 tenere
1754 3523 1806 3576 G
1833 3528 1850 3588 n
1880 3528 1945 3574 25
1982 3540 2159 3574 vntum
2199 3554 2263 3562 -

236 3598 302 3646 27
341 3613 395 3647 u.
428 3613 477 3655 Q·
508 3613 607 3650 om.
642 3595 732 3649 VS
753 3598 771 3663 ΙΙ
801 3601 867 3648 26
907 3595 986 3649 sic
1027 3596 1117 3663 ΡΙ
1150 3611 1432 3663 apponere
1473 3594 1897 3665 (consuerunt)
1931 3594 1983 3646 P
2005 3595 2023 3661 ΙΙ
2052 3599 2116 3645 27
2159 3612 2266 3645 nm

237 3696 304 3704 -
343 3684 665 3719 nnsxomvn·
704 3683 805 3720 om.
840 3667 890 3720 G
940 3669 947 3734 Ι
999 3666 1239 3735 dissign·
1270 3686 1307 3719 α
