2661 3940
355 264 386 325 ξ
425 263 473 311 3.
528 257 627 311 DE
667 257 991 313 CODICVM
1026 257 1253 312 INTER
1291 258 1376 312 SE
1414 257 1855 313 RATIONIBVS
1895 260 1999 313 etc.
2100 258 2227 312 XIX

187 427 365 486 facile
404 427 611 502 qualia
649 426 770 485 sint
802 426 1155 505 intellegere
1189 432 1377 505 poteS.
1450 428 1652 486 Habes
1689 428 1752 486 in
1790 428 2225 488 additamento-

188 537 323 575 rum
360 535 610 577 numero
641 515 1056 576 adnotationes
1086 517 1156 575 de
1189 518 1477 577 orationis
1505 517 1732 594 figuris,
1773 537 1922 592 quas
1953 517 2224 577 Gersten-

186 606 332 684 berg
382 627 439 682 p.
487 607 572 666 80
616 625 742 682 sqq.
785 606 1088 681 tractavit,
1141 624 1359 681 easque
1424 605 1549 666 sive
1599 605 1969 666 definitiones
2021 626 2224 665 earum

186 697 513 753 maximam
566 699 802 772 partem
860 715 891 754 e
941 694 1303 755 Cassiodorii
1357 695 1422 753 in
1476 695 1739 773 psalmos
1786 696 2225 756 commentariis

188 785 561 861 desumptas3
614 784 797 844 habes
845 784 1054 843 deinde
1103 784 1477 845 definitiones
1515 783 1856 844 dialecticas
1904 805 1973 844 ex
2020 785 2224 843 eodem

184 874 349 933 fonte
408 873 711 932 derivatas
759 866 859 954 (cf.
901 873 1209 933 Gerstenb.
1248 894 1306 950 p.
1350 875 1430 932 96
1472 866 1658 955 sqq.);
1722 874 1905 933 habes
1971 873 2225 949 denique

185 966 513 1022 tractatum
558 963 732 1020 illum
788 963 859 1021 de
906 967 1394 1040 argumentorum
1436 963 1583 1021 locis
1633 962 1711 1022 ad
1754 962 1939 1021 Andr.
1979 963 2010 1020 I
2051 967 2107 1037 1,
2139 965 2221 1020 24

188 1052 481 1112 insertum
526 1044 629 1132 (cf.
662 1051 966 1110 Gerstenb.
995 1073 1053 1129 p.
1087 1054 1168 1111 93
1201 1043 1357 1132 sqq.)
1408 1052 1646 1126 aliaque
1692 1051 1954 1111 eiusdem
1991 1053 2224 1129 generis

185 1142 503 1217 permulta.
595 1141 761 1199 Haec
809 1143 1011 1200 omnia
1058 1143 1202 1217 quin
1251 1143 1524 1200 consulto
1573 1140 1820 1200 consilio
1865 1143 2227 1200 retractator

192 1230 532 1304 inseruerit,
585 1229 851 1288 dubitari
887 1249 1008 1288 non
1043 1234 1257 1306 potest.
1330 1229 1530 1289 Minus
1558 1232 1721 1288 certa
1756 1248 1850 1288 res
1887 1232 1979 1289 est
2012 1231 2077 1288 in
2107 1231 2226 1288 alio

188 1320 740 1379 additamentorum
776 1339 1009 1396 genere,
1056 1319 1281 1378 scholia
1328 1322 1390 1378 et
1426 1320 1654 1396 glossas
1702 1319 1852 1393 dico,
1898 1338 2051 1394 quae
2089 1338 2227 1378 cum

186 1409 520 1469 recentiore
588 1409 696 1467 illo
753 1410 1084 1467 commento
1141 1409 1484 1482 cohaerent,
1549 1407 1709 1483 quod
1772 1408 1967 1467 Bruns
2023 1400 2226 1488 (Halis

191 1498 325 1557 Sax.
361 1489 564 1579 1811)
615 1500 677 1556 et
723 1497 931 1557 Schlee
981 1493 1252 1578 (Scholia
1299 1499 1431 1556 Ter.
1461 1497 1621 1572 Lips.
1656 1499 1824 1556 1893
1865 1518 1921 1574 p.
1958 1499 2035 1556 79
2068 1490 2227 1579 sqq.)

191 1587 418 1663 publici
454 1586 607 1646 iuris
645 1587 940 1661 fecerunt,
988 1587 1205 1662 quibus
1243 1586 1610 1645 editionibus
1657 1585 2035 1664 adiungenda
2090 1591 2230 1646 sunt

189 1695 339 1752 quae
382 1676 454 1733 A.
484 1676 609 1735 Mai
650 1676 794 1735 olim
823 1669 931 1756 (M.
952 1677 1097 1735 Acci
1125 1675 1330 1734 Plauti
1359 1678 1571 1754 fragm.
1595 1720 1608 1734 .
1640 1720 1653 1732 .
1684 1721 1725 1750 .,
1754 1676 1991 1734 Mediol.
2024 1668 2227 1753 1815)

188 1768 247 1825 et
282 1765 361 1824 M.
391 1766 649 1823 Warren
692 1785 886 1842 nuper
933 1759 1132 1847 (Stud.
1164 1765 1458 1824 Harvard.
1497 1765 1615 1823 XII
1656 1766 1780 1823 135
1821 1757 1979 1844 sqq.)
2032 1764 2226 1823 edide-

188 1857 346 1912 runt.
413 1854 546 1913 Hoc
575 1854 819 1930 quidem
849 1857 1083 1914 constat
1109 1854 1601 1930 interpolatorem
1631 1854 2045 1913 adnotationes
2076 1873 2226 1928 quas

191 1942 368 2003 modo
427 1942 553 2001 dixi
608 1963 728 2002 non
783 1945 976 2003 solum
1030 1943 1347 2019 recepisse,
1411 1962 1619 2003 verum
1675 1944 1857 2002 etiam
1914 1962 2050 2003 cum
2104 1943 2228 2003 suis

188 2034 378 2110 ipsius
438 2033 865 2093 additamentis
931 2033 1366 2108 quodammodo
1423 2033 1889 2111 conglutinasse,
1954 2036 2023 2092 ut
2075 2033 2225 2091 Mus.

190 2124 375 2181 Rhen.
414 2124 541 2182 209
583 2140 711 2199 sqq.
753 2122 1010 2195 ostendi3
1058 2122 1161 2181 sed
1208 2125 1413 2181 utrum
1457 2121 1610 2180 illud
1656 2124 2053 2181 commentum
2102 2124 2226 2182 sive

188 2214 487 2289 integrum
539 2211 665 2271 sive
718 2215 1059 2287 excerptum
1105 2213 1225 2269 iam
1271 2211 1336 2269 in
1384 2212 1710 2286 exemplari
1753 2229 1862 2270 suo
1907 2242 1982 2250 ——
2026 2211 2227 2269 codice

189 2302 419 2361 scilicet
466 2301 823 2361 Terentiano
869 2334 960 2342 —
1005 2319 1140 2359 cum
1195 2299 1508 2378 Eugraphi
1565 2298 2035 2377 expositionibus
2093 2318 2229 2359 con-

190 2391 468 2450 iunctum
503 2392 801 2450 invenerit
846 2409 922 2449 an
960 2392 1087 2465 ipse
1134 2388 1370 2447 demum
1419 2392 1687 2448 coartato
1725 2388 2035 2466 Eugraphi
2072 2407 2228 2447 com-

191 2483 396 2539 mento
424 2480 835 2553 inculcaverit,
863 2480 976 2538 hoc
1012 2479 1191 2555 plane
1221 2478 1547 2538 diiudicare
1574 2497 1694 2537 non
1723 2477 1991 2552 audeam,
2021 2497 2228 2554 quam-

190 2588 377 2645 quam
418 2568 495 2627 ad
524 2568 672 2626 illud
703 2569 1054 2643 propensior
1087 2571 1178 2627 est
1207 2570 1459 2642 animus,
1495 2568 1850 2645 praesertim
1886 2569 1939 2626 si
1974 2569 2228 2642 respicio

191 2676 349 2734 quae
390 2676 574 2734 supra
612 2657 683 2715 de
723 2658 912 2716 altero
951 2657 1317 2716 scholiorum
1354 2676 1566 2734 genere
1603 2658 1668 2714 in
1697 2655 1999 2715 codicibus
2039 2657 2117 2731 B,
2153 2656 2228 2732 F,

191 2745 632 2806 Oxoniensibus
654 2746 829 2805 obvio
861 2750 920 2805 et
948 2746 1020 2804 de
1041 2745 1483 2824 Eugraphianis
1514 2745 2003 2805 adnotationibus
2030 2764 2229 2804 recen-

187 2838 331 2895 tiori
380 2838 714 2896 commento
763 2837 1124 2895 intermixtis
1172 2835 1472 2894 adnotavi.
1565 2834 1859 2893 Similiter
1904 2836 2118 2894 haereo
2165 2837 2230 2893 10

189 2925 496 2986 nonnullis
524 2926 882 2984 recensionis
911 2948 950 2983 α
985 2924 1301 3001 particulis
1343 2926 1472 2983 sine
1509 2923 1688 2983 dubio
1716 2925 2034 2983 recentiori
2071 2942 2227 2982 com·

189 3019 397 3074 mento
434 3014 786 3089 tribuendiS,
827 3032 978 3090 quae
1017 3033 1150 3072 cum
1187 3016 1385 3073 minus
1438 3015 1567 3071 arte
1615 3032 1749 3072 cum
1788 3012 2230 3089 Eugraphianis

191 3105 573 3177 cohaereant,
600 3105 894 3162 incertum
925 3106 1032 3178 est,
1070 3106 1273 3161 utrum
1301 3106 1441 3162 ante
1469 3103 1956 3161 retractationem
1988 3120 2063 3159 an
2092 3104 2232 3176 post

195 3212 325 3253 eam
365 3195 702 3251 commento
742 3192 1051 3271 Eugraphi
1090 3194 1469 3267 accesserint3
1505 3192 1621 3250 huc
1658 3190 1933 3266 inprimis
1971 3192 2233 3266 pertinet

192 3284 494 3343 tractatus
544 3282 676 3356 ille,
729 3283 835 3357 qui
883 3283 949 3341 in
998 3282 1057 3339 B
1073 3281 1179 3341 VS
1223 3279 1500 3340 Eunuchi
1548 3280 1724 3339 initio
1775 3279 2071 3356 praefixus
2124 3283 2231 3353 est,

196 3391 310 3448 quo
350 3371 423 3430 de
462 3392 517 3431 v.
547 3371 697 3431 Mus.
726 3372 912 3430 Rhen.
941 3392 998 3448 p.
1031 3374 1175 3430 222.

372 3459 491 3519 Sed
539 3480 612 3519 ne
658 3461 722 3520 in
766 3462 861 3520 his
908 3461 1108 3536 rebuS,
1157 3480 1307 3535 quae
1356 3460 1434 3518 ad
1469 3462 1702 3519 textum
1750 3457 2231 3518 constituendum

195 3551 436 3610 levioris
475 3553 764 3609 momenti
801 3553 956 3625 sunt,
995 3549 1223 3609 diutius
1263 3568 1713 3622 commoremur,
1750 3549 2154 3606 recensionem
2193 3568 2232 3601 α

195 3641 391 3699 valere
428 3639 732 3699 iubemus:
780 3658 849 3697 ex
884 3639 978 3697 his
1017 3641 1202 3717 enim,
1252 3658 1403 3714 quae
1443 3639 1706 3712 exposui,
1750 3637 2155 3693 recensionem
2190 3631 2230 3706 β

1832 3731 1905 3784 b*
