2661 3940
440 259 478 322 8
1011 261 1387 315 EVGRAPH]
1424 259 1896 315 COMMENTVM

436 430 697 488 uiuentis
742 449 934 504 neque
980 431 1043 487 in
1080 431 1245 506 turpi
1288 430 1483 488 officio
1522 430 1852 503 seruientis,
1890 430 1990 489 sed
2029 430 2194 489 cuius
2232 431 2470 488 animus

439 522 498 577 et
559 518 874 597 integritas
935 519 1116 578 fuerit
1178 538 1285 595 per
1347 519 1544 578 officia
1613 520 1908 595 completa
1971 519 2253 578 liberalis,
2361 519 2473 577 boc

437 607 626 687 igitur
669 611 869 684 tangit
907 607 1087 681 Simo,
1136 626 1270 667 cum
1315 608 1525 667 laudat
1570 627 1809 668 seruum
1851 608 2097 683 Sosiam,
2145 627 2279 667 cum
2322 608 2473 667 dicit

439 716 587 773 opus
643 716 766 756 esse
830 716 948 755 non
1015 703 1159 771 arte,
1225 697 1327 756 sed
1391 698 1483 756 his
1547 698 1749 772 potius
1807 698 2002 776 rebus,
2066 717 2214 774 quas
2270 699 2335 755 in
2401 716 2472 756 eo

437 805 669 862 semper
715 788 977 865 agnouit,
1026 786 1138 845 fide
1186 792 1245 845 et
1289 788 1722 846 taciturnitate.
1814 807 1955 845 nam
2000 787 2187 846 fides
2236 789 2343 860 est,
2400 790 2474 845 ut
2531 806 2555 845 5

438 876 732 951 compleat
797 895 953 951 quae
1015 876 1279 949 mandat,
1339 877 1816 935 taciturnitas
1878 879 2078 935 autem
2138 877 2476 935 necessaria

437 964 693 1040 videtur,
722 968 791 1023 ut
819 984 888 1023 ea
918 965 1082 1024 celet.
1149 966 1249 1024 sed
1287 984 1477 1041 parua
1514 965 1648 1025 laus
1687 965 1829 1025 data
1867 982 2036 1024 seruo
2066 959 2476 1042 uide<re>tur,

436 1050 572 1132 (si)
619 1074 753 1112 eum
792 1043 1100 1131 coegisset,
1161 1058 1231 1113 ut
1286 1074 1322 1113 a
1379 1054 1617 1113 domino
1673 1055 1957 1130 imposita
2009 1055 2296 1113 mandata
2353 1073 2475 1112 ser·

434 1146 623 1201 uaret.
698 1144 802 1202 sed
839 1146 1123 1219 quoniam
1160 1144 1322 1219 apud
1359 1162 1614 1217 seruum,
1648 1144 1871 1203 bonum
1910 1143 2238 1218 dumtaxat,
2274 1145 2479 1219 potuit

439 1252 562 1291 esse
618 1233 1030 1306 consideratio,
1095 1233 1256 1310 quod
1315 1233 1590 1294 dominus
1650 1235 1843 1292 maior
1902 1233 2016 1291 sibi
2070 1234 2268 1292 nescio
2327 1234 2559 1308 quidm

439 1322 726 1381 aduersus
790 1322 1079 1381 minorem
1144 1322 1447 1380 dominum
1511 1322 1913 1398 imperauerit,
1987 1324 2172 1396 cuius,
2237 1323 2286 1380 si
2350 1341 2474 1380 non

437 1411 753 1486 imperium
811 1411 1223 1484 adulescentis,
1288 1414 1548 1470 aetatem
1604 1412 1811 1470 timere
1868 1411 2122 1485 deberet,
2182 1413 2324 1487 quia
2378 1411 2473 1469 illi

439 1503 575 1576 post
630 1503 785 1559 senis
839 1506 1093 1559 mortem
1149 1504 1277 1559 erat
1324 1500 1597 1560 dominus
1645 1502 1900 1575 futurus,
1959 1501 2178 1560 idcirco
2234 1500 2475 1560 laborat

439 1608 614 1649 senex
651 1592 843 1666 primo
880 1592 944 1649 in
993 1592 1257 1648 animum
1297 1609 1469 1649 suum
1509 1592 1667 1648 serui
1704 1591 1933 1649 animos
1969 1590 2284 1666 inclinare3
2330 1609 2474 1648 nam

439 1681 595 1738 circa
648 1682 927 1737 iuuenem
981 1679 1378 1739 inofficiosum
1443 1679 1735 1757 imperare
1802 1675 2056 1739 fortasse
2118 1681 2471 1755 imperantis
2504 1701 2556 1740 15

440 1772 529 1827 est
591 1771 799 1828 metus,
892 1769 1040 1826 dicit
1094 1787 1234 1847 ergo
1298 1787 1361 1827 se
1422 1787 1492 1826 ex
1544 1769 1653 1827 illo
1706 1772 1989 1844 tempore,
2054 1788 2170 1844 quo
2237 1771 2470 1844 emptus

441 1877 644 1917 seruus
700 1858 805 1931 sit,
859 1860 1019 1916 iusta
1075 1862 1133 1916 et
1193 1858 1508 1917 clementia
1573 1858 1699 1916 sine
1765 1858 1929 1916 duris
1993 1858 2296 1916 laboribus
2359 1859 2470 1916 im-

317 1945 400 2003 35
440 1966 703 2024 perasse:
766 1940 813 2028 8
862 1965 985 2006 nco
1025 1947 1181 2006 enim
1220 1965 1550 2014 Pos'rQVAM
1597 1967 1673 2005 ΤΕ
1712 1966 1821 2006 mn
1858 1967 1898 2006 A
1935 1966 2216 2007 PAvano
2252 1948 2468 2023 inquit.

438 2039 578 2096 hinc
639 2037 790 2095 illud
852 2040 942 2095 est
1004 2039 1068 2096 in
1124 2037 1479 2113 Iugurthino
1539 2031 1708 2117 (Sall.
1756 2039 1887 2111 Iuy.
1931 2041 2032 2111 10,
2065 2034 2134 2110 1)
2192 2032 2471 2113 ‘paruum

440 2146 548 2203 ego
585 2129 663 2200 te,
699 2127 1006 2205 Iugurtha,
1045 2128 1261 2185 amisso
1297 2130 1468 2203 patre
1507 2129 1566 2185 et
1603 2127 1728 2185 sine
1762 2145 1863 2202 spe
1901 2128 1962 2185 et
2003 2126 2127 2185 sine
2162 2126 2371 2202 opibus
2404 2128 2470 2184 in
2502 2148 2557 2187 20

439 2236 636 2274 meum
664 2236 910 2293 regnum
942 2212 1183 2291 excepi'.
1223 2219 1283 2274 et
1312 2234 1445 2273 cum
1475 2214 1626 2273 dixit
1652 2211 1711 2272 ‘a
1739 2211 2031 2292 paruulo’,
2061 2216 2268 2292 utique
2297 2215 2470 2274 bene·

442 2305 710 2363 ficiorum
775 2324 1015 2363 suorum
1069 2305 1313 2383 longum
1370 2308 1608 2378 tempus
1664 2305 1924 2363 ostendit
1973 2301 2118 2382 (et)
2182 2305 2345 2364 dedit
2415 2306 2472 2363 ei

442 2394 948 2453 continuationem
999 2394 1369 2471 praestandi:
1439 2413 1577 2452 uere
1632 2396 1789 2452 enim
1844 2397 2127 2470 praestat,
2185 2394 2286 2469 qui
2350 2413 2471 2453 non

440 2478 641 2560 (nisi)
688 2484 743 2541 ei
788 2485 1158 2558 praestiterit
1203 2485 1308 2558 qui
1353 2486 1626 2541 meretur.
1721 2483 1937 2543 adiecit
1992 2486 2189 2542 autem
2249 2484 2320 2541 ad
2372 2503 2469 2541 cu-

442 2573 669 2630 mulum
705 2572 1137 2647 beneficiorum,
1183 2591 1300 2630 non
1341 2573 1500 2648 quod
1534 2574 1774 2630 tantum
1810 2572 1957 2631 bene
1995 2574 2286 2647 seruierit,
2334 2590 2470 2631 cum
2499 2594 2555 2634 25

624 2730 649 2776 1
681 2724 929 2778 uiuentis
952 2725 1023 2790 F,
1041 2724 1190 2778 uiuit
1207 2726 1351 2789 rell.;
1381 2724 1480 2793 qui
1509 2723 1657 2777 uiuit
1676 2724 1882 2779 Schoell
1908 2725 1925 2793 ΙΙ
1956 2730 1986 2776 3
2016 2724 2192 2794 igitur
2236 2723 2385 2778 enim
2405 2724 2464 2790 αἱ

445 2795 594 2848 Simo
609 2802 734 2863 post
753 2812 974 2849 seruum
990 2798 1024 2867 β
1056 2799 1063 2864 Ι
1097 2796 1312 2866 eumz]
1335 2798 1393 2849 et
1411 2816 1447 2848 α
1475 2799 1493 2863 ΙΙ
1521 2800 1555 2847 4
1572 2795 1760 2864 potius
1781 2795 1869 2848 his
1886 2817 1922 2849 α
1949 2798 1968 2864 ΙΙ
1998 2801 2028 2848 5
2049 2796 2158 2849 fide
2219 2795 2465 2867 opu>s.9¹

444 2870 529 2920 est
562 2884 661 2920 om.
694 2866 913 2922 LGF¹
940 2869 958 2936 ΙΙ
988 2873 1014 2919 7
1054 2871 1120 2920 ut
1149 2883 1216 2920 ea
1244 2867 1389 2921 celet
1416 2867 1685 2949 Schopen·
1723 2868 1788 2920 ut
1826 2868 1989 2920 cadet
2019 2869 2087 2933 L,
2123 2869 2189 2921 ut
2225 2866 2371 2921 celet
2398 2868 2470 2933 F

441 2942 506 2991 ut
543 2941 742 2991 caueat
771 2959 824 3004 α,
852 2955 952 2993 om.
989 2940 1039 2993 G
1071 2941 1078 3007 Ι
1111 2938 1398 2993 uideretur
1426 2939 1473 2992 si
1514 2939 1594 2993 W
1625 2939 1643 3006 ΙΙ
1672 2944 1704 2992 8
1735 2955 1863 2992 eum
1899 2940 2047 3007 (cum
2076 2938 2137 2991 F
2147 2939 2217 3008 G)
2257 2938 2471 3007 coegis-

443 3012 529 3063 set
574 3013 650 3079 (·e
682 2981 824 3078 LF)
858 3012 923 3063 ut
959 3011 1020 3078 β,
1077 3026 1241 3077 quem
1289 3010 1476 3080 coegit
1511 3029 1547 3061 α
1627 3011 1634 3077 Ι
1713 3025 1747 3062 a
1794 3010 2042 3080 domino]
2091 3009 2349 3063 dominus
2388 3031 2425 3063 α
2458 3013 2466 3079 Ι

444 3097 668 3136 seruare
705 3102 742 3134 α
788 3085 805 3148 ΙΙ
854 3087 916 3133 11
957 3081 1321 3149 imperauerit
1356 3083 1466 3136 W..
1505 3082 1693 3135 -uerat
1720 3081 1872 3136 codd
1926 3084 1934 3149 Ι
1983 3097 2094 3134 non
2126 3081 2358 3165 (esset)
2389 3102 2426 3134 α
2454 3083 2471 3148 Η

446 3157 510 3204 12
549 3153 646 3206 ille
690 3153 740 3207 G
777 3152 1015 3220 (κακῶς
1052 3153 1179 3219 fort.
1209 3152 1307 3206 ille
1345 3153 1397 3206 ei
1451 3155 1469 3222 ΙΙ
1535 3158 1599 3206 13
1639 3152 1920 3223 dominus]
1957 3153 2046 3206 hic
2077 3155 2278 3222 incipit
2321 3160 2473 3207 vetus

443 3223 556 3276 cod.
589 3224 640 3275 V
666 3227 674 3293 Ι
707 3223 957 3277 facturus
980 3225 1103 3279 LF
1134 3226 1152 3293 ΙΙ
1192 3228 1258 3276 14
1295 3224 1450 3295 nam]
1479 3225 1609 3279 ordo
1645 3225 1987 3289 scholiorum,
2016 3226 2373 3292 perturbatus
2409 3231 2472 3278 ut

398 3343 415 3360 χ
442 3295 673 3361 videtur,
710 3297 797 3349 hic
833 3302 910 3349 est
944 3298 1007 3348 in
1043 3295 1224 3349 codd:
1265 3294 1406 3348 dicit
1437 3327 1501 3334 —
1531 3295 1834 3363 imperasse
1865 3314 1970 3348 mo
2001 3327 2067 3334 --
2098 3295 2299 3364 inquit.
2339 3312 2470 3350 uere

445 3397 511 3405 —
541 3369 800 3431 meretur,
855 3384 986 3420 nam
1043 3366 1190 3420 circa
1230 3398 1295 3406 -—
1335 3369 1533 3421 metus.
1574 3370 1632 3420 et
1668 3383 1793 3420 oum
1837 3366 1981 3419 dixit
2019 3399 2084 3406 —
2124 3367 2469 3435 praestandi.

444 3436 577 3489 hinc
606 3469 672 3476 —
704 3437 912 3506 excepi.
953 3437 1161 3491 adiecit
1189 3441 1379 3491 autem
1416 3445 1509 3492 etc.
1556 3439 1575 3505 ΙΙ
1623 3442 1687 3490 16
1727 3440 1908 3491 metus
1947 3441 2032 3490 est
2069 3458 2105 3490 α
2175 3441 2182 3507 Ι
2257 3455 2313 3491 se
2344 3445 2473 3505 post

446 3507 520 3559 sit
558 3527 595 3559 α
631 3510 650 3576 ΙΙ
688 3514 755 3560 20
794 3512 851 3561 et
890 3515 936 3562 1.
967 3527 1066 3563 om.
1098 3530 1134 3562 α
1164 3511 1251 3577 (=
1272 3509 1430 3577 Sall.)
1459 3512 1477 3578 11
1515 3515 1581 3562 21
1612 3525 1847 3578 regnum
1876 3526 2061 3562 meum
2091 3529 2128 3561 α
2157 3512 2244 3577 (-—-
2274 3509 2433 3575 Sall.)
2461 3510 2466 3578 Ι

447 3578 636 3645 accepi
676 3578 734 3630 F
768 3581 855 3646 (-—-
877 3581 1033 3649 Sall.)
1069 3583 1087 3651 ΙΙ
1132 3586 1197 3633 22
1237 3583 1294 3633 et
1330 3583 1458 3634 add.
1501 3581 1609 3644 Ψ.;
1651 3597 1783 3648 —que
1813 3587 1941 3649 post
1978 3580 2137 3632 dedit
2174 3601 2236 3646 α·
2276 3583 2334 3634 et
2364 3598 2471 3648 pro

446 3647 498 3699 ei
538 3650 656 3714 (del.
688 3648 865 3717 dedit)
906 3651 1069 3706 Goetz
1096 3655 1114 3721 ΙΙ
1143 3657 1211 3705 24
1248 3651 1358 3705 nisi
1396 3653 1524 3707 add.
1557 3654 1639 3707 W.
