2661 3940
378 195 511 259 314
590 209 597 215 ’
958 195 1337 253 EVGRAPHI
1374 194 1846 250 COMMENTVM

378 383 560 440 quam
604 383 739 424 reus
786 365 881 424 sit.
930 383 1069 443 ergo
1115 365 1478 442 indignitate
1516 364 1603 423 rei
1644 368 1970 425 commotus
2007 367 2270 441 primum
2309 368 2423 427 hoc

380 456 614 530 quaerit
662 473 697 512 a
744 473 915 513 seruo
965 474 1042 514 an
1088 475 1295 514 uerum
1335 456 1433 529 sit,
1479 472 1614 512 cum
1660 454 1806 512 dicit
1845 449 2038 531 ‘Geta,
2086 456 2234 531 quid
2283 475 2420 515 nar-

204 545 340 602 448
379 562 476 602 ras
491 539 543 600 ‘P'
593 543 695 602 ille
743 543 1054 603 confirmat
1100 544 1348 603 dicendo
1398 536 1438 605 2
1489 560 1582 602 sic
1630 561 1744 603 Es'r
1791 562 2056 603 FACTVM.
2123 547 2214 603 ita
2261 562 2419 604 com·

375 632 629 708 probata
675 652 767 691 res
806 636 911 692 est.
975 632 1044 693 fit
1089 632 1471 711 exaggeratio
1526 651 1603 690 nx
1658 650 1802 690 ILLA
1848 650 2105 692 FAmMA
2152 652 2283 692 TAM
2330 653 2419 693 m-

210 721 337 779 450
378 741 680 780 LIBERALE
719 740 981 782 FAcmvs
1018 739 1166 781 Essa
1206 741 1432 781 oni-VM.
1463 754 1550 763 —
1587 714 1632 780 4
1672 740 1838 782 nAv'r
1874 741 2209 783 PATERNVM
2236 742 2418 784 is'rvo
2474 745 2501 786 5

381 829 638 870 Dnms‘ri
686 813 799 870 hoc
855 810 1013 887 quod
1060 812 1258 871 fecisti
1304 830 1424 870 non
1462 813 1553 870 est
1588 813 1681 869 tui
1717 812 1909 886 patris
1946 832 2137 889 neque
2180 816 2417 890 generis

211 900 343 958 452
381 903 488 959 aut
523 901 805 960 familiae.
838 933 921 941 —
962 895 1005 959 6
1044 919 1241 959 imum
1276 919 1505 961 parmu-
1543 902 1885 969 contemnit,
1930 920 2049 960 non
2097 906 2290 961 curat.
2331 935 2415 943 —

211 989 338 1048 454
383 983 424 1049 8
473 1009 597 1051 msa
653 1007 921 1049 monim·
978 1008 1139 1055 QVAE
1185 1007 1366 1050 anos
1413 1007 1666 1056 AnQvoM
1711 1006 1826 1049 ns‘r
1872 1009 2039 1051 nAv'r
2086 1009 2180 1051 sm
2228 1010 2417 1052 Avm·

384 1099 543 1138 anim*
590 1079 686 1139 hic
732 1098 937 1139 uersus
984 1079 1248 1139 declarat
1292 1079 1486 1155 magis
1531 1078 1883 1155 petitionem
1929 1097 2053 1139 esse
2098 1081 2196 1139 hic
2234 1100 2418 1156 quam

377 1170 831 1243 accusationem,
884 1171 955 1226 ut
1008 1167 1087 1226 sit
1143 1168 1379 1227 subtilis
1445 1169 1637 1227 oratio
1701 1188 1837 1227 cum
1903 1171 2279 1229 accusatione
2338 1171 2415 1228 ad
2446 1193 2501 1232 ιο

207 1259 338 1315 462
376 1258 540 1316 aliud
585 1258 788 1316 uenire
835 1257 1170 1333 disponens
1202 1290 1287 1300 —
1332 1249 1421 1315 16
1469 1274 1665 1317 innon
1710 1275 1908 1318 muvs
1956 1276 2111 1319 'rvvs
2158 1276 2413 1319 Anscm-

373 1366 487 1407 st
535 1347 674 1406 hinc
710 1349 976 1406 narratio
1015 1347 1228 1422 incipit
1265 1348 1680 1420 accusationis,
1716 1349 1779 1405 in
1812 1367 1941 1423 qua
1978 1348 2172 1407 multa
2214 1348 2412 1407 denuo

374 1438 668 1508 dicuntur,
717 1455 833 1511 quo
889 1437 1130 1496 facilius
1187 1455 1322 1495 reus
1381 1436 1665 1496 constitui
1715 1438 1921 1512 possit.
1995 1456 2137 1496 nam
2183 1437 2413 1497 dictum

374 1531 463 1584 est
521 1520 735 1583 ‘maior
792 1522 997 1600 filius',
1053 1545 1127 1584 ne
1184 1526 1339 1584 alius
1397 1527 1735 1600 sentiretur,
1793 1524 2019 1585 dictum
2075 1530 2135 1585 et
2194 1546 2412 1585 nomen

372 1616 683 1690 proprium
713 1609 1110 1689 ‘Aeschinus'‚
1138 1615 1363 1673 dictum
1393 1616 1576 1675 etiam
1611 1615 1763 1673 illud
1793 1614 1952 1690 quod
1989 1616 2244 1692 contigit
2274 1611 2408 1692 ‘qui
2437 1638 2491 1678 15

373 1705 548 1762 fratri
594 1703 966 1780 adoptandus
1014 1704 1189 1763 datus
1229 1698 1369 1763 est’:
1417 1723 1487 1762 ex
1522 1704 1618 1764 his
1656 1706 1814 1763 enim
1853 1704 2125 1765 omnibus
2164 1706 2405 1782 signan-

372 1794 481 1851 dus
536 1792 735 1851 fuerat
790 1793 892 1852 ille
955 1793 1059 1867 qui
1103 1793 1263 1852 fecit.
1330 1793 1544 1852 deinde
1589 1811 1820 1852 summa
1866 1794 2225 1871 generaliter
2270 1813 2407 1870 pro-

204 1882 332 1939 463
370 1884 617 1958 ponitur
683 1874 765 1941 17
835 1901 1040 1947 NEQVE
1105 1885 1251 1942 'nom
1314 1900 1520 1949 NEQVE
1579 1900 1901 1943 mammas
1957 1901 2233 1943 rvnc'rvs
2290 1902 2407 1944 ns'r

371 1990 663 2033 ormmvm
710 1991 854 2033 vnu.
922 1973 1131 2031 deinde
1179 1973 1459 2050 adiungit
1501 1991 1788 2048 personae
1834 1973 2409 2033 commendationem

371 2063 515 2134 eius,
570 2063 736 2122 cuius
801 2061 927 2121 filia
989 2062 1208 2121 uitiata
1273 2065 1380 2121 est.
1456 2062 1666 2121 deinde
1721 2064 1854 2138 ipsa
1916 2065 2249 2139 propositio
2313 2066 2405 2123 est
2435 2086 2490 2125 πο

203 2150 332 2207 466
372 2149 633 2210 criminis
684 2144 778 2210 20
825 2169 1039 2209 FILIAM
1085 2170 1265 2210 nvws
1313 2168 1613 2212 vmemnm
1660 2170 1950 2211 vrrmvrr.
2012 2155 2073 2211 et
2120 2153 2406 2228 quoniam

368 2260 487 2299 non
539 2239 653 2299 hoc
707 2240 1074 2315 intendebat,
1129 2273 1202 2281 —
1252 2259 1374 2299 non
1430 2242 1587 2298 enim
1644 2240 1790 2299 facti
1839 2243 2114 2317 quaestio
2161 2244 2253 2300 est
2299 2274 2405 2316 —,

201 2329 333 2385 467
369 2324 640 2404 (adicit)
687 2321 774 2388 21
826 2348 1083 2389 nonum
1139 2347 1390 2389 Avms'm
1443 2348 1657 2388 mmm
1705 2348 1873 2395 Qvoo
1927 2348 2043 2390 nsi*
2093 2348 2405 2390 GRAVISSI-

370 2437 527 2478 mm:
585 2418 731 2477 dicit
785 2418 915 2492 hoc,
972 2418 1131 2494 quod
1185 2420 1358 2497 uirgo
1414 2419 1637 2480 uitiata
1692 2422 1800 2493 est,
1855 2438 2037 2497 graue
2093 2439 2213 2479 non
2259 2438 2406 2494 esse,

370 2508 530 2583 quod
573 2510 815 2566 ueniam
861 2509 1204 2568 adulescens
1251 2509 1468 2567 mereri
1513 2511 1751 2585 poterat
1789 2528 1858 2566 ex
1896 2528 2114 2583 amore,
2152 2528 2223 2566 ex
2258 2511 2402 2568 uino
2434 2532 2487 2571 25

368 2601 428 2654 et
476 2596 910 2656 adulescentia:
966 2597 1116 2655 illud
1173 2600 1263 2656 est
1317 2598 1477 2673 quod
1520 2599 1768 2676 purgari
1812 2617 1935 2657 non
1979 2602 2194 2674 potest,
2241 2599 2404 2673 quod

370 2687 444 2743 ad
499 2689 753 2745 matrem
813 2687 1067 2763 uirginis
1122 2689 1309 2759 uenit,
1367 2686 1526 2762 quod
1584 2687 1903 2746 lacrimans
1969 2688 2186 2762 orauit,
2241 2688 2403 2763 quod

367 2775 543 2834 fidem
607 2775 798 2848 dedit,
864 2775 1022 2851 quod
1086 2776 1342 2835 iurasset
1405 2776 1573 2834 illam
1639 2794 1699 2835 se
1765 2795 2008 2836 uxorem
2068 2776 2404 2837 ducturum.

367 2866 513 2923 haec
585 2869 723 2923 sunt
783 2883 935 2939 quae
993 2864 1056 2922 in
1127 2866 1503 2924 accusatione
1568 2868 1887 2940 ponuntur.
1971 2866 2181 2925 deinde
2242 2867 2404 2941 quod

367 2956 539 3031 uirgo
601 2973 670 3013 ex
731 2972 1070 3029 compressu
1134 2953 1388 3030 grauida
1451 2955 1614 3013 facta
1677 2958 1784 3028 est,
1846 2954 2006 3031 quod
2063 2973 2220 3014 nunc
2278 2956 2404 3015 iam
2432 2978 2483 3016 30

367 3044 463 3102 hic
509 3045 727 3103 mensis
775 3046 865 3102 est
910 3043 1198 3101 decimus:
1247 3044 1521 3102 cumulus
1570 3044 1727 3102 enim
1775 3044 2001 3103 accedit
2047 3045 2122 3103 ad
2163 3063 2401 3105 accusa·

366 3135 609 3206 tionem,
656 3134 706 3191 si
753 3151 820 3191 eo
858 3135 1125 3207 tempore
1165 3132 1383 3192 deserit
1421 3132 1769 3192 adulescens
1806 3133 2087 3209 puellam,
2127 3153 2242 3210 quo
2281 3134 2403 3193 iam

547 3306 578 3354 3
617 3301 764 3373 (at)
802 3301 899 3355 ille
939 3322 975 3354 α
1031 3305 1048 3370 ΙΙ
1107 3308 1141 3355 4
1180 3319 1247 3357 ex
1285 3302 1436 3375 <hoc
1475 3305 1586 3372 (ex-
1617 3304 1745 3358 add.
1787 3303 1945 3374 VS»
1975 3304 2270 3374 aggei-atio
2310 3324 2347 3357 α
2384 3307 2401 3373 ΙΙ

364 3377 399 3423 8
431 3378 579 3439 equfi
604 3376 640 3426 ’ὁ
667 3373 808 3426 haut
841 3374 908 3440 G,
971 3390 1082 3440 quo
1111 3390 1182 3428 ne
1209 3375 1321 3428 ista
1349 3378 1414 3428 ut
1442 3395 1478 3428 α
1511 3377 1519 3443 ί
1554 3376 1658 3447 s1c]
1687 3391 1746 3430 se
1774 3375 1826 3430 G
1852 3378 1871 3444 ΙΙ
1904 3382 1969 3429 14
1998 3376 2108 3447 est]
2136 3376 2287 3443 quod
2319 3395 2356 3428 α
2383 3381 2401 3446 ΙΙ

369 3443 437 3489 20
474 3444 786 3510 propositio
826 3446 911 3498 est
1021 3469 1059 3499 ,ε
1098 3447 1454 3515 Ρτοροείοὸᾶι
1486 3446 1552 3512 G,
1594 3446 1750 3501 -sitio
1780 3468 1817 3500 α
1853 3449 1872 3516 ΙΙ
1911 3452 1977 3500 22
2016 3464 2128 3501 non
2166 3464 2269 3501 om.
2304 3449 2400 3518 Gn

367 3511 438 3556 23
460 3510 636 3564 adicit
655 3515 782 3567 add.
808 3517 888 3568 W.
919 3518 938 3583 ΙΙ
967 3521 1034 3568 26
1055 3534 1166 3570 non
1186 3534 1287 3571 om.
1309 3519 1361 3572 G
1387 3520 1405 3587 ΙΙ
1435 3523 1501 3573 28
1526 3518 1739 3571 iurauit
1756 3520 2063 3573 Lindenbr.
2097 3521 2105 3589 Ι
2139 3525 2205 3572 29
2236 3535 2401 3574 accu-

367 3578 586 3630 satione
606 3601 641 3631 α
668 3585 687 3648 u
717 3591 780 3636 31
803 3587 1011 3639 mensis
1030 3586 1124 3641 hic
1143 3608 1179 3640 α
1208 3590 1226 3656 ΙΙ
1256 3594 1321 3642 32
1343 3606 1455 3656 quo
1475 3589 1613 3660 iam]
1634 3595 1711 3657 qfi
1730 3592 1819 3660 (=
1841 3590 2088 3659 quando)
2112 3590 2164 3645 G
2184 3591 2400 3662 (recte?)
