2661 3940
353 277 402 328 X
1159 275 1570 330 PRAEFATIO

353 448 477 504 rius
510 447 578 503 in
617 445 941 521 appendice
989 445 1266 504 editionis
1303 445 1673 504 Faernianae
1719 446 1986 520 imprimi
2030 445 2225 520 iussit,
2272 445 2383 504 hoc

350 534 593 610 quidem
623 537 782 594 recte
809 553 871 594 se
898 533 1095 610 habet,
1117 535 1221 594 sed
1250 535 1433 593 etiam
1460 533 1820 611 marginalia
1848 534 2075 593 scholia
2097 552 2133 591 a
2152 533 2381 592 Faerno

353 624 415 681 in
453 642 626 681 usum
665 641 790 683 esse
819 627 1033 683 vocata
1070 623 1282 682 docent
1311 643 1464 699 quae
1497 625 1560 682 in
1589 620 2101 681 emendationibus
2128 624 2385 698 protulit

350 712 785 789 Eugraphiana
822 712 898 770 ad
930 712 1110 771 Andr.
1141 715 1251 771 act.
1281 713 1370 771 IV
1408 716 1469 771 et
1499 712 1569 787 V,
1605 712 1756 771 Eun.
1787 715 1900 771 act.
1929 711 2009 786 Π,
2055 711 2379 771 Heautont.

348 803 465 860 act.
495 801 573 859 H.
606 833 690 841 --
718 801 893 861 Prius
932 805 1333 860 commentum
1370 802 1721 861 continuum
1756 819 1943 876 usque
1973 800 2048 859 ad
2077 801 2259 860 Andr.
2288 801 2383 859 III

350 893 411 967 3,
435 893 516 948 47
561 891 816 949 contulit
852 890 926 949 H.
967 890 1253 965 Graeven,
1290 893 1459 949 cuius
1508 889 1847 949 collationis
1896 890 2131 966 copiam
2167 890 2381 949 libera-

351 979 576 1039 lissime
623 980 772 1037 mihi
816 980 962 1039 fecit
997 980 1316 1054 Wissowa3
1362 980 1598 1056 reliqua
1643 980 1716 1037 A.
1743 979 1884 1036 Mau
1932 982 1992 1037 et
2037 979 2104 1038 B.
2138 979 2381 1057 Negara

330 1070 605 1146 ,benigne
641 1066 1145 1128 intercedentibus
1183 1068 1659 1146 photographica
1697 1071 1825 1126 arte
1871 1087 2069 1126 meum
2104 1069 2169 1126 in
2205 1087 2376 1126 usum

352 1157 590 1234 depicta
627 1160 780 1217 sunt.

535 1248 591 1306 6.
614 1246 843 1306 Codex
872 1246 1250 1306 Leidensis
1271 1248 1443 1306 Voss
1459 1247 1563 1306 lat.
1586 1245 1651 1315 Q.
1666 1248 1747 1305 36
1774 1263 1817 1304 3.
1833 1220 2379 1305 Xmembranaceus

351 1336 634 1395 foliorum
671 1336 817 1394 olim
855 1338 959 1410 40,
1005 1355 1164 1395 nunc
1212 1338 1323 1411 413
1362 1355 1501 1394 nam
1537 1338 1777 1412 praeter
1821 1335 1925 1393 fol.
1960 1340 1990 1393 1
2037 1338 2095 1393 et
2134 1335 2170 1392 8
2212 1335 2379 1392 char-

350 1429 538 1499 tacea,
567 1444 719 1501 quae
747 1427 810 1483 in
839 1425 1036 1483 locum
1065 1425 1545 1484 membranarum
1575 1424 2021 1501 deperditarum
2050 1423 2379 1483 substituta

344 1518 515 1588 ·,sunt
562 1513 809 1573 accessit
855 1515 1063 1572 charta
1109 1514 1426 1573 dimidiata
1480 1532 1640 1573 nunc
1686 1531 1933 1571 numero
1986 1515 2022 1571 9
2069 1513 2377 1590 insignita.

349 1603 542 1662 F01.1
593 1604 738 1662 11666
765 1604 1048 1680 leguntur
1078 1598 1172 1661 A.
1203 1602 1440 1662 Petavii
1475 1596 1552 1661 n⁰
1585 1598 1762 1675 711’;
1805 1598 2075 1661 ‘Rufinus
2104 1602 2176 1659 In
2206 1600 2378 1661 Com-

347 1692 638 1752 mentario
679 1692 749 1750 de
785 1692 994 1752 Metris
1023 1693 1333 1751 Euanthiu
1362 1692 1743 1752 Sacerdotem
1779 1691 1844 1749 in
1882 1691 2164 1750 Terentiu
2203 1687 2375 1750 citat’

344 1776 478 1861 [Gr.
506 1781 571 1839 L.
600 1781 690 1838 VI
721 1782 866 1856 565,
891 1782 983 1855 5]3
1024 1777 1217 1840 ‘Abho
1263 1781 1516 1840 Floriac.
1549 1780 1729 1839 abbas
1776 1780 1846 1838 In
1892 1779 2070 1855 Epiis
2107 1780 2382 1839 meminit
2438 1812 2444 1817 ·

346 1866 634 1949 Eugrafii'
679 1868 872 1946 [error
926 1871 1187 1945 Petavii,
1240 1889 1383 1929 nam
1426 1889 1546 1929 non
1592 1868 1763 1928 Abbo
1811 1868 2229 1944 Floriacensis,
2276 1869 2378 1928 sed

343 1958 666 2021 Gerbertus
714 1960 1021 2020 Remensis
1051 1959 1387 2037 Eugraphii
1422 1961 1711 2036 meminit,
1747 1980 1802 2019 v.
1834 1957 2137 2019 Gerstenb.
2169 1980 2224 2035 p.
2249 1961 2377 2018 104

340 2050 480 2108 adn.
515 2044 608 2129 1]3
639 2043 751 2121 ο”“οἶς;
779 2048 988 2128 ἀτυχῶ.
1012 2053 1070 2109 Α
1097 2050 1230 2109 λίαν
1267 2048 1488 2127 εὐτυχῶ
1516 2040 1857 2109 PPetavi9’.
1910 2048 2166 2107 Videtur
2190 2050 2382 2122 igitur

346 2139 527 2198 codex
565 2139 872 2198 Leidensis
911 2158 1031 2197 non
1070 2138 1145 2198 ad
1173 2138 1470 2214 Dionysii,
1508 2140 1664 2197 sicut
1699 2138 1999 2214 putabant
2025 2137 2378 2197 Westerhov

340 2220 559 2309 ¹(praef.
601 2248 656 2303 p.
696 2221 778 2308 X)
827 2231 888 2287 et
934 2228 1330 2306 Gerstenberg
1378 2220 1463 2308 (p.
1507 2219 1599 2308 5),
1648 2228 1750 2286 sed
1797 2227 1873 2285 ad
1920 2227 2096 2286 Pauli
2140 2226 2377 2285 Petavii

340 2317 490 2376 olim
535 2317 889 2392 pertinuisse
934 2315 1375 2376 bibliothecam.
1450 2317 1510 2375 Is
1556 2319 1652 2375 vir
1700 2317 1847 2376 iuris
1895 2317 2225 2389 consultus,
2273 2316 2378 2391 qui

345 2426 395 2465 a.
432 2407 601 2465 1614
641 2407 885 2465 Parisiis
923 2406 1078 2464 diem
1117 2424 1458 2481 supremum
1506 2405 1658 2465 obiit
1694 2397 1778 2486 (J.
1810 2406 2052 2480 Jocher,
2097 2404 2236 2464 Lex.
2264 2404 2375 2463 vir.

337 2496 499 2554 doct.
528 2495 590 2553 Π
618 2515 675 2571 p.
708 2487 883 2573 516),
920 2515 1041 2554 non
1078 2495 1272 2553 solum
1318 2495 1733 2555 adnotationes
1789 2494 1860 2553 de
1896 2495 2111 2552 Rufino
2159 2496 2220 2552 et
2253 2495 2374 2552 Ab·

342 2584 494 2643 bone
533 2585 788 2661 scripsit,
835 2584 937 2643 sed
975 2585 1158 2643 etiam
1196 2603 1326 2643 eam
1365 2603 1517 2660 quae
1544 2585 1858 2642 interierat
1885 2583 2204 2642 commenti
2240 2601 2374 2658 par-

340 2677 464 2732 tem
493 2674 796 2749 supplevit
833 2674 1054 2732 auxilio
1076 2673 1294 2733 codicis
1314 2673 1645 2747 cuiusdam,
1676 2674 1780 2747 qui
1798 2674 1943 2732 olim
1973 2674 2103 2731 erat
2122 2672 2375 2730 Antonii

342 2763 605 2840 Loiselh’,
644 2763 699 2824 h.
730 2781 778 2823 e.
809 2763 1027 2822 codicis
1056 2762 1364 2822 Leidensis
1393 2762 1561 2821 Voss
1588 2764 1670 2821 34
1690 2762 1764 2819 L.
1831 2761 1961 2820 Hoc
1991 2761 2373 2837 cognoscitur

340 2871 476 2911 cum
523 2872 595 2916 ex
632 2871 862 2911 summo
910 2869 1214 2926 consensu,
1254 2852 1360 2927 qui
1396 2854 1488 2911 est
1522 2853 1680 2910 inter
1725 2850 1986 2910 codicem
2022 2851 2081 2908 L
2120 2853 2181 2909 et
2216 2850 2374 2909 codi-

332 2942 424 3000 cis
476 2942 531 3000 V
558 2944 760 3017 partes
800 2941 1135 3017 suppletaS,
1181 2943 1312 2999 tum
1352 2961 1421 2998 ex
1459 2943 1560 3015 eis,
1609 2960 1759 3016 quae
1805 2940 1931 3015 ipse
1968 2939 2251 2998 Petavius
2298 2939 2376 2997 ad

339 3031 612 3090 Eunuchi
654 3030 900 3088 initium
944 3030 1046 3089 fol.
1090 3030 1204 3088 18¹²
1243 3030 1559 3105 adscripsit
1596 3024 1860 3107 ‘Integra
1907 3028 2053 3088 haec
2099 3030 2376 3088 columna

332 3119 512 3177 abest
555 3137 592 3177 a
621 3119 819 3179 codice
849 3112 1084 3179 Oiselli'
1115 3110 1216 3195 (cf.
1237 3117 1541 3178 Gerstenb.
1562 3138 1620 3194 p.
1644 3120 1709 3194 63
1742 3111 1872 3199 18).
1944 3118 2112 3177 Inter
2137 3116 2373 3177 Vossia-

340 3226 447 3267 nos
484 3207 686 3282 libros,
724 3208 940 3283 quibus
977 3209 1042 3266 ni
1079 3209 1258 3267 fallor
1285 3208 1489 3267 eodem
1526 3208 1648 3266 fere
1676 3211 1943 3283 tempore
1972 3208 2222 3267 accessit
2258 3225 2374 3282 quo

338 3296 645 3356 Leidensis
674 3298 748 3372 L,
778 3297 960 3357 codex
992 3298 1044 3357 V
1070 3316 1383 3356 numerum
1412 3296 1674 3356 obtinuit
1706 3298 1858 3369 1603
1898 3297 1969 3355 cf.
1992 3294 2180 3355 Catal.
2206 3296 2373 3355 codd.

340 3386 611 3444 LeidenS.
648 3406 705 3461 p.
747 3388 891 3445 380.
934 3420 1013 3428 —
1064 3386 1333 3462 Scriptus
1389 3388 1480 3447 est
1527 3385 1684 3445 binis
1741 3385 2029 3445 columnis
2079 3387 2373 3461 quinqua-

339 3475 510 3552 ginta
545 3476 668 3533 fere
707 3494 986 3534 versuum
1024 3498 1058 3535 a
1096 3476 1327 3537 duobus
1355 3475 1647 3551 librariis,
1685 3478 1993 3552 praeterea
2030 3474 2213 3534 tertia
2249 3494 2373 3533 ma-

339 3582 450 3622 nus
489 3556 633 3645 (nisi
660 3565 816 3624 forte
855 3565 1058 3625 eadem
1098 3570 1188 3625 est
1224 3569 1408 3643 atque
1445 3584 1602 3624 man.
1640 3558 1705 3645 1)
1742 3565 1845 3640 eis,
1884 3584 2035 3640 quae
2074 3564 2374 3640 pertinent

332 3654 416 3711 ad
438 3653 663 3712 Eun.II
686 3656 742 3728 2,
757 3654 793 3711 5
808 3655 951 3712 —V
966 3657 1023 3729 2,
1047 3657 1148 3728 57,
1169 3658 1316 3715 satis
1337 3656 1558 3714 multas
1577 3655 1790 3714 intulit
1810 3658 2190 3714 correcturas
2221 3652 2373 3713 Gon-
