2661 3940
799 799 1195 858 ADDENDA
1242 799 1346 856 ΕΤ
1387 796 1923 857 OORRIGENDA.

339 972 398 1022 p.
430 958 604 1019 24,18
643 953 775 1023 1898.
825 951 1065 1019 denique
1106 950 1229 1020 ipse
1277 950 1540 1019 adiungit
1585 970 1696 1003 unu
1741 969 2069 1005 nnrvnurvs
2117 971 2383 1006 narn-ron.

880 1022 1085 1076 deinde
1122 1021 1390 1076 continuo
1429 1029 1522 1076 etc.

343 1114 399 1164 p.
431 1100 516 1162 32,
539 1101 605 1147 25
639 1112 744 1163 pro
780 1093 908 1148 ideo
947 1096 1085 1148 coni.
1116 1093 1164 1146 ie
1202 1110 1336 1147 uero
1376 1095 1587 1147 Kauer.

344 1185 397 1235 p.
431 1170 516 1233 38,
538 1171 569 1218 6
607 1167 671 1219 in
707 1183 902 1235 appar.
936 1167 1073 1234 1898.
1113 1165 1397 1219 desideret
1424 1166 1518 1236 F!
1551 1164 1599 1218 si
1635 1181 1746 1218 non
1784 1172 1876 1219 etc.

343 1256 397 1307 p.
432 1241 515 1303 78,
537 1242 567 1289 3
599 1244 726 1305 post
763 1237 1101 1319 sententiam
1138 1237 1301 1291 dele.

339 1328 397 1377 p.
429 1313 515 1375 81,
536 1314 568 1361 5
607 1309 716 1379 1898
755 1307 1034 1378 gaudie,
1071 1307 1367 1376 ipsumque

344 1399 397 1448 p.
432 1384 552 1447 100,
574 1385 640 1432 25
680 1382 790 1451 1898
825 1379 1126 1448 ingratam,
1165 1381 1568 1447 enumeratque

344 1470 400 1521 p.
434 1455 552 1516 100,
577 1456 643 1504 28
683 1451 792 1520 1898
828 1449 1009 1519 possit
1045 1451 1196 1519 quod

343 1542 398 1592 p.
433 1527 640 1587 112,18
677 1524 804 1589 fort.
832 1524 990 1577 scrib.
1023 1522 1265 1590 denique
1302 1521 1416 1574 ista
1454 1520 1782 1592 (tarditas)
1822 1520 1902 1574 sic
1942 1536 2204 1588 expressa

341 1612 397 1662 p.
431 1597 639 1660 138,14
671 1600 796 1661 post
831 1592 1174 1648 intellitur
1209 1594 1322 1647 dele
1362 1615 1373 1646 ε

339 1683 397 1733 p.
433 1670 549 1731 152,
590 1666 670 1736 189
672 1683 699 1720 8
737 1665 860 1718 cod.
889 1664 1009 1717 Lau
1049 1682 1143 1718 un.
1173 1669 1277 1717 467

345 1755 399 1804 p.
433 1683 801 1805 190,119p08t
836 1736 1072 1789 detraho
1110 1737 1275 1802 dele,

345 1826 398 1876 p.
435 1812 605 1875 195,1
647 1809 755 1877 1898
793 1807 1072 1861 dicturam

343 1897 396 1946 p.
428 1850 553 1946 214,
573 1885 639 1932 14
676 1882 786 1949 1898
824 1878 1041 1947 aliquid

341 1968 396 2019 p.
429 1955 550 2016 215,
572 1955 602 2003 8
641 1953 751 2021 1898
788 1969 1031 2004 mnam·

335 2041 395 2091 p.
429 2027 638 2089 230,18
678 2024 786 2092 1898
823 2023 1059 2092 opponit

337 2111 395 2161 p.
428 2098 549 2161 240,
570 2099 635 2146 27
677 2095 783 2163 1898
820 2093 1011 2147 lenoni

339 2184 395 2233 p.
427 2170 549 2231 251,
570 2170 604 2217 4
641 2167 751 2234 1898
786 2164 944 2231 utile,
982 2167 1047 2218 ut
1082 2163 1184 2218 illa

340 2254 395 2305 p.
427 2242 548 2305 252,
571 2241 601 2289 6
640 2238 751 2306 1898
788 2235 1062 2289 affuturus
1102 2238 1188 2289 est
1224 2233 1559 2304 rogabitque

340 2325 394 2375 p.
425 2312 528 2361 252
565 2309 629 2360 in
666 2325 862 2376 appar.
893 2308 1058 2361 adde:
1099 2313 1131 2360 4
1170 2309 1297 2360 tuas
1335 2312 1387 2359 et
1423 2309 1508 2359 est
1550 2308 1667 2361 Ter.
1698 2309 1716 2375 ΙΙ
1755 2313 1785 2359 6
1824 2307 2159 2376 rogauitque
2197 2308 2375 2373 codd„

769 2395 906 2433 corr.
937 2378 1188 2433 Westerh.
1223 2380 1241 2447 ΙΙ

333 2468 393 2517 p.
426 2454 545 2514 256,
572 2455 636 2502 19
676 2450 785 2521 1898
821 2449 1023 2518 inquit.
1083 2452 1140 2503 et
1174 2453 1327 2504 reete

337 2538 395 2588 p.
427 2526 637 2584 272,10
677 2521 786 2590 1898
820 2521 1037 2575 retineo
1075 2528 1124 2576 et
1159 2524 1224 2575 in
1260 2539 1456 2591 appar.
1489 2522 1653 2575 adde:
1693 2521 1907 2575 retineo
1941 2523 2023 2575 W.
2055 2521 2143 2589 (cf.
2176 2522 2373 2575 lemma

766 2609 813 2646 v.
848 2598 918 2647 10
935 2595 1092 2662 sqq.):
1134 2595 1287 2647 oont—
1321 2594 1472 2647 codd.
1506 2594 1594 2661 (cf.
1625 2593 1789 2647 etiam
1818 2610 1877 2661 p.
1906 2595 1998 2658 27,
2018 2597 2052 2645 4
2080 2594 2300 2660 appar.)

340 2681 394 2730 p.
426 2667 547 2728 273,
569 2668 599 2714 5
621 2670 750 2732 post
787 2664 1007 2717 attendi
1045 2665 1159 2719 dele
1192 2706 1209 2730 ‚

338 2752 395 2802 p.
427 2739 547 2802 273,
569 2739 635 2786 23
674 2736 783 2805 1898
818 2734 1142 2804 ingemiseit

339 2823 394 2874 p.
428 2810 547 2870 274,
572 2811 634 2858 11
675 2808 786 2876 1898
822 2807 1113 2875 perderem

338 2894 394 2944 p.
427 2882 545 2941 274,
571 2881 635 2929 17
674 2879 784 2946 1898
821 2897 1076 2932 omnc'rvs

340 2966 393 3015 p.
428 2954 548 3014 276,
571 2954 637 3000 22
678 2950 787 3019 1898
824 2968 1022 3002 monn

333 3038 393 3088 p.
426 3025 546 3086 300,
571 3025 597 3072 1
638 3021 747 3089 1898
785 3019 1180 3092 <pro>positio
1218 3022 1308 3089 (cf.
1341 3021 1448 3075 Aa.
1480 3022 1663 3087 1114,
1684 3025 1783 3087 17;
1823 3021 1876 3073 V
1897 3025 1948 3088 3,
1968 3025 2036 3087 8,·
2075 3022 2169 3091 al.)
