2661 3940
405 226 491 289 98
980 223 1357 280 EVGRAPHI
1394 222 1865 287 COMMENTVM

406 393 522 453 sibi
566 396 997 470 praeponatur:
1042 393 1154 453 hoc
1202 393 1361 450 enim
1407 393 1560 450 dixit
1606 409 1755 459 QVIA
1804 410 1924 452 svm
1970 410 2137 450 APVD
2183 410 2262 449 'rr-2
2309 409 2440 450 Pm-

407 499 544 542 MVS.
594 486 655 542 et
701 502 834 541 cum
880 484 1159 541 meretrix
1206 481 1610 540 dissimularet
1655 484 1850 540 totum
1885 483 2194 558 impetum,
2234 498 2445 539 rursus

284 577 367 633 91
408 573 748 632 adulescens
796 573 1202 631 accusationes
1250 570 1464 630 effudit
1514 562 1598 629 ll
1657 588 1806 636 Qvn)
1853 565 2120 648 <MISSA>
2166 588 2205 629 o
2254 586 2446 627 ‘rmus

409 678 605 719 Tuus,
661 663 903 720 iteratio
950 662 1206 719 nominis
1254 661 1590 720 accusantis
1629 659 1890 719 ostendit
1934 658 2320 718 iracundiam.
2352 690 2443 698 --

408 768 642 809 v‘rmAm
688 767 876 809 assi-:r
923 769 1061 808 mm
1107 768 1261 809 PARS
1307 767 1517 816 AEQVA
1562 766 1792 808 morus
1838 739 2054 809 'racvu'
2092 765 2297 807 sensus
2340 747 2445 806 hic
2508 768 2541 807 ⁵

410 842 525 898 est:
591 840 825 898 utinam
879 842 941 897 et
994 841 1066 897 tu
1122 839 1341 898 amoris
1396 843 1629 915 partem
1695 857 1927 896 mecum
1990 836 2321 896 habuisses:
2388 838 2449 895 si

409 929 568 987 enim
613 929 723 987 hoc
767 929 996 1003 fuisset,
1042 934 1245 1004 posset
1291 929 1654 1004 contingere,
1701 931 1774 985 ut
1816 928 1880 984 in
1927 927 2038 986 hac
2072 925 2296 985 iniuria
2333 929 2446 986 aut

408 1017 525 1076 tibi
580 1017 823 1092 doleret,
879 1022 950 1076 ut
1001 1016 1152 1076 mihi
1206 1017 1388 1092 dolet,
1442 1021 1547 1076 aut
1599 1017 1744 1075 mihi
1788 1034 1906 1075 non
1952 1016 2180 1084 doleret,
2224 1020 2291 1073 ut
2336 1016 2450 1074 tibi

288 1112 368 1167 94
408 1125 527 1167 non
573 1108 736 1166 dolet.
800 1108 912 1166 hoc
959 1109 1117 1166 enim
1163 1106 1315 1164 dixit
1367 1097 1457 1164 14
1504 1122 1629 1164 Eoo
1674 1122 1852 1164 1srvc
1899 1121 2016 1163 Ans
2063 1123 2140 1163 'ra
2185 1121 2445 1164 FAc'rvu

407 1215 606 1256 mmm
648 1215 980 1255 parmenam
1025 1196 1137 1256 hoc
1183 1199 1297 1255 est:
1354 1195 1582 1254 factum
1636 1196 1807 1252 tuum
1863 1198 2310 1253 contemnerem.
2350 1223 2442 1233 ——-
2478 1213 2543 1252 io

287 1288 373 1345 95
416 1278 504 1343 15
552 1304 631 1343 NE
681 1303 906 1346 cavom
956 1305 1029 1343 TE
1084 1303 1334 1344 OBSEGRO
1389 1303 1579 1342 amm:
1619 1303 1697 1343 m
1737 1302 2037 1341 PHAEDRIA
2083 1282 2297 1357 incipit
2342 1281 2442 1340 de·

411 1374 620 1448 fensio,
684 1394 834 1450 quae
898 1376 1195 1451 optimum
1266 1375 1631 1450 principium
1702 1373 1917 1447 tenuit,
1989 1374 2059 1430 ut
2130 1372 2448 1431 irascentis

410 1464 672 1538 primum
708 1463 941 1522 animus
987 1465 1436 1539 temperaretur.
1520 1461 1731 1520 deinde
1778 1462 2027 1521 consilio
2083 1460 2450 1539 generaliter

413 1551 723 1630 subiungit
759 1555 1175 1628 argumentum
1208 1553 1511 1624 meretrix,
1539 1549 1644 1609 sed
1680 1550 2097 1624 coniecturale,
2127 1549 2285 1625 quod
2322 1569 2448 1607 non

411 1642 524 1700 hoc
570 1643 771 1701 animo
819 1640 1042 1713 fecerit,
1083 1659 1201 1716 quo
1241 1640 1428 1698 alium
1465 1639 1625 1716 apud
1664 1659 1725 1698 se
1764 1638 2044 1698 uideatur
2079 1639 2295 1698 habere
2337 1658 2445 1715 po·
2481 1658 2544 1698 15

291 1736 375 1792 96
410 1732 654 1789 tiorem:
699 1730 809 1788 hoc
856 1730 1014 1787 enim
1059 1729 1213 1788 dixit
1263 1722 1353 1787 16
1401 1746 1523 1787 Non
1570 1747 1689 1788 POL
1738 1746 1859 1794 Qvo
1910 1745 2252 1794 QVEMQVAM
2288 1746 2450 1787 ans

411 1837 587 1878 ,mnu
622 1838 744 1879 Av‘r
781 1836 933 1878 PLvs
972 1836 1235 1878 mmeAM
1270 1836 1351 1876 no
1387 1835 1547 1876 mem.
1612 1818 1888 1877 similiter
1925 1816 2232 1895 subiungit
2268 1836 2448 1893 gene-

291 1914 371 1970 97
412 1909 538 1968 rale
567 1908 731 1967 aliud
760 1910 1177 1987 argumentum
1205 1909 1400 1967 status
1429 1909 1686 1967 uenialis
1715 1927 1784 1966 ex
1811 1908 2166 1966 necessitate
2199 1899 2284 1965 17
2327 1923 2450 1964 sm)

413 2016 518 2056 rm
562 2016 727 2056 ERAT
775 2016 885 2058 mss
935 2017 1187 2058 momvn
1201 2017 1281 2056 m
1332 2016 1487 2056 FVtr.
1560 2002 1697 2074 post
1750 2000 2032 2057 meretrix
2087 1995 2450 2057 conturbata

414 2090 681 2148 oratione
729 2089 887 2147 serui
930 2090 1087 2163 petit
1133 2086 1525 2162 audientiam,
1561 2090 1634 2145 ut
1668 2087 1900 2162 plenior
1937 2088 2105 2164 origo
2143 2088 2451 2144 narretur:
2483 2106 2544 2145 20

413 2196 532 2236 non
578 2178 822 2236 tantum
868 2177 1265 2235 exclusionem
1309 2178 1502 2253 ipsius
1548 2195 1792 2234 narrare
1829 2176 2020 2250 debet,
2067 2174 2170 2234 sed
2208 2177 2268 2233 et
2304 2193 2448 2233 cau-

417 2284 561 2324 sam.
626 2269 763 2342 post
815 2267 1113 2341 principia
1165 2264 1321 2341 petit
1378 2265 1762 2338 audientiam,
1810 2283 1930 2339 qua
1986 2282 2260 2324 concessa
2310 2282 2449 2322 nar-

243 2360 373 2416 107
412 2355 569 2413 ratio
613 2357 830 2431 incipit
878 2347 965 2413 27
1011 2372 1197 2413 snum
1243 2372 1383 2412 urm
1428 2373 1640 2412 MATER
1684 2372 1843 2414 err.
1904 2353 2167 2413 breuitas
2213 2371 2452 2429 semper

414 2444 478 2501 in
532 2445 875 2504 narratione
930 2443 1224 2504 seruanda
1279 2446 1370 2502 est
1425 2445 1487 2502 et
1538 2445 1603 2501 in
1659 2443 1915 2502 dictione
1971 2447 2181 2518 aperta
2243 2441 2448 2501 uerba.

414 2534 505 2591 ita
548 2533 646 2591 hic
694 2538 745 2591 et
789 2552 1004 2592 nomen
1051 2536 1111 2591 et
1148 2533 1426 2591 affectum
1465 2536 1525 2590 et
1561 2532 1759 2591 locum
1795 2533 1999 2607 posuit
2034 2530 2444 2591 habitationis.
2482 2551 2541 2591 85

414 2625 623 2680 narrat
665 2624 847 2681 matri
893 2640 1032 2680 suae
1081 2623 1285 2680 datam
1330 2621 1595 2698 puellam
1641 2620 1796 2680 dono
1845 2641 1879 2678 a
1927 2621 2186 2697 quodam
2220 2638 2447 2678 merca-

413 2715 544 2770 tore
591 2710 665 2770 ab
712 2710 1064 2770 Atheniensi
1110 2712 1360 2769 ciuitate
1407 2710 1707 2769 sublatam
1753 2729 1820 2768 ac
1868 2727 1929 2769 se
1965 2712 2243 2786 ignorare
2280 2708 2448 2782 dicit„

414 2803 694 2859 utrumne
739 2800 874 2875 ipsa
920 2800 1067 2858 ciuis
1112 2800 1569 2858 Atheniensium
1625 2801 1837 2858 fuisset
1880 2794 2044 2877 (an)
2087 2801 2326 2858 tantum
2373 2797 2447 2857 de

417 2891 667 2948 ciuitate
724 2888 961 2947 sublata
1015 2891 1109 2947 sit.
1177 2889 1364 2947 adicit
1416 2889 1583 2963 illud,
1636 2888 1796 2963 quod
1846 2882 2081 2947 ‘nomen
2128 2889 2338 2947 matris
2385 2890 2448 2946 et

416 2980 605 3054 patris
671 2977 907 3038 dicebat
969 2973 1124 3053 ipsa'
1173 2970 1252 3059 (v.
1294 2973 1438 3056 31):
1504 2979 1725 3036 etenim
1778 2976 2016 3052 proficit
2071 2976 2147 3035 ad
2202 2994 2446 3035 causam
2476 2996 2543 3037 so

418 3070 544 3128 eius
607 3068 709 3142 rei,
775 3086 953 3143 quam
1018 3070 1280 3142 petitura
1337 3068 1442 3125 est.
1518 3068 1732 3125 scimus
1789 3068 1946 3124 enim
1992 3067 2057 3123 in
2102 3066 2447 3124 narratione

598 3261 629 3308 5
670 3254 933 3309 amatoris
972 3254 1024 3306 L
1092 3257 1099 3323 Ι
1134 3270 1327 3308 sensus
1367 3253 1605 3326 (enim)
1636 3273 1673 3306 α
1700 3255 1718 3321 ΙΙ
1757 3259 1787 3305 6
1827 3254 2030 3307 amoris
2072 3253 2140 3320 G,
2179 3253 2454 3307 amatoris

419 3329 477 3380 et
515 3326 741 3393 (amoris
767 3332 895 3395 post
932 3341 1150 3379 mecum
1188 3327 1402 3394 addito)
1441 3325 1615 3380 LFoc
1649 3329 1656 3394 Ι
1692 3324 1773 3378 sic
1810 3325 1965 3381 LVS
1996 3328 2015 3394 u
2064 3330 2130 3378 10
2167 3324 2311 3377 nihil
2349 3323 2400 3377 L
2431 3327 2450 3394 ΙΙ

421 3402 487 3449 13
525 3398 932 3464 temperaretur
969 3399 1038 3461 L,
1076 3399 1327 3466 -peretur
1363 3396 1478 3451 rell.
1507 3398 1527 3465 11
1556 3402 1622 3449 16
1662 3415 1768 3457 Qvo
1806 3413 1907 3451 om.
1939 3396 2105 3450 LGoe
2132 3399 2150 3465 ΙΙ
2180 3402 2245 3449 22
2276 3411 2449 3464 quam

421 3468 455 3534 β
475 3466 523 3516 V
548 3467 566 3532 11
596 3472 662 3517 24
701 3466 760 3517 in
788 3472 836 3519 1.
868 3485 966 3521 om.
998 3470 1048 3520 L
1077 3471 1095 3536 Η
1125 3474 1191 3521 25
1229 3468 1418 3537 posuit
1448 3466 1711 3536 (primum
1740 3469 1891 3538 add.)
1920 3469 2125 3522 Zeune:
2156 3468 2455 3555 posuimus

421 3536 572 3586 codd.
611 3537 630 3602 ΙΙ
667 3540 734 3586 28
772 3551 844 3588 an
882 3538 1009 3591 add.
1040 3540 1223 3593 Zewne
1263 3542 1282 3609 ΙΙ
1328 3545 1396 3592 29
1437 3538 1510 3591 sit
1546 3540 1608 3592 in
1646 3556 1749 3608 my.
1780 3539 1843 3605 V,
1880 3555 2007 3593 sscr.
2040 3539 2158 3592 FB
2209 3539 2328 3607 (del.
2350 3536 2400 3607 ?)
2430 3538 2449 3610 ΙΙ

423 3608 490 3654 30
531 3603 738 3655 etenim
776 3606 914 3674 FG,
952 3610 1098 3662 enim
1136 3610 1247 3664 rell.
1319 3614 1327 3679 Ι
1397 3609 1589 3683 (hoc)
1622 3610 1846 3677 proficit
1880 3609 2020 3664 FB'
2083 3613 2101 3679 ΙΙ
2166 3615 2229 3662 31
2271 3624 2449 3677 quam
