2661 3940
359 242 448 306 96
932 238 1309 295 EVGRAPHI
1347 238 1820 294 COMMENTVM

360 410 594 469 ratione
640 409 1023 487 subiungitur
1060 428 1289 486 scaena,
1327 410 1393 466 in
1431 427 1549 484 qua
1585 408 1865 468 meretrix
1909 409 2043 484 ipsa
2080 410 2189 481 est,
2228 408 2397 465 cuius

360 500 699 576 praesentia
747 502 807 558 et
852 499 1044 559 oratio
1091 497 1445 575 persuadere
1492 499 1682 573 possit
1737 500 1797 556 et
1842 497 2065 571 uultus,
2117 499 2189 554 ut
2233 514 2398 553 ama-

361 594 460 647 tor
503 588 789 648 iniuriam
836 589 1123 666 ignoscat.

360 761 402 793 α
576 739 917 794 Bacchidem
953 738 1176 809 longius
1219 741 1447 808 sumpta
1484 742 1675 809 (supra
1701 740 1770 805 S)
1798 737 2169 793 translatione
2199 737 2401 792 definit

579 811 716 879 quid
754 811 845 877 sit,
885 811 1103 865 scilicet
1142 811 1461 864 ‘calamitas
1507 811 1684 864 nostri
1721 810 1905 864 fundi’
1947 809 2007 862 id
2045 814 2132 864 est
2169 808 2401 862 miseria

577 899 678 951 per
713 882 1056 953 hypallagen
1095 885 1216 952 (yp-
1254 883 1448 951 codd),
1487 883 1636 950 quod
1674 882 1906 936 miseros
1944 881 2135 935 faciat.

1358 1142 1412 1197 2.

236 1270 326 1326 81
523 1258 558 1325 l
593 1283 868 1324 msERAM
896 1285 983 1323 ME
1011 1283 1257 1324 vnREoR
1286 1284 1366 1323 NE
1392 1284 1570 1322 nrm>
1602 1283 1862 1323 GRAVIVS
1889 1282 2187 1322 PHAEDRIA
2218 1281 2400 1320 TVLE-

365 1376 467 1414 mr
498 1357 563 1413 in
599 1356 711 1414 hac
748 1373 964 1414 scaena
999 1355 1191 1431 primo
1230 1355 1638 1413 controuersia
1674 1357 1783 1427 est,
1811 1353 1949 1411 dein
1977 1352 2397 1411 deliberatiua.
2463 1372 2491 1410 5

365 1446 771 1504 controuersia
816 1444 957 1502 talis
1004 1447 1119 1503 est:
1167 1443 1513 1502 adulescens
1552 1446 1785 1502 amator
1823 1445 2110 1502 missurus
2148 1460 2400 1500 munera

365 1534 578 1609 fuerat,
637 1553 788 1610 quae
845 1533 1047 1592 eadem
1105 1533 1385 1591 meretrix
1430 1532 1864 1608 postulauerat,
1910 1534 1971 1590 et
2026 1531 2217 1590 multa
2255 1530 2398 1589 alia.

283 1692 287 1699 ,
365 1626 647 1682 meretrix
691 1623 915 1681 habens
952 1625 1298 1696 amatorem,
1339 1624 1444 1698 qui
1479 1623 1836 1696 promiserat
1874 1621 2167 1698 uirginem
2207 1639 2397 1695 quan-

366 1712 522 1787 dam,
571 1731 721 1788 quae
779 1712 1101 1787 aliquando
1158 1712 1284 1769 eius
1330 1712 1661 1769 meretricis
1709 1729 1876 1770 soror
1921 1710 2245 1783 dicebatur,
2292 1709 2401 1767 sed

367 1802 752 1861 aberrauerat
796 1796 941 1877 (et)
988 1821 1022 1859 a
1067 1800 1467 1876 praedonibus
1522 1803 1700 1876 rapta
1759 1800 2122 1858 uenumdata
2179 1801 2399 1872 fuerat,
2435 1819 2496 1856 ιο

367 1891 521 1950 hanc
565 1890 811 1967 inquam
858 1893 1092 1949 amator
1128 1889 1281 1948 alius
1320 1908 1454 1948 cum
1492 1889 1878 1965 promisisset,
1924 1889 2203 1947 meretrix
2250 1887 2396 1946 adu-

367 1981 681 2040 lescentem
721 1982 1047 2039 amatorem
1086 1981 1354 2038 exclusit.
1412 1998 1511 2038 rea
1548 1979 1617 2038 fit
1654 1979 2027 2038 iniuriarum.
2074 1979 2219 2037 haec
2257 1996 2400 2036 con·

367 2072 662 2129 trouersia
725 2070 1025 2127 uenialem
1090 2072 1313 2127 statum
1381 2069 1670 2128 continet:
1736 2066 2052 2128 confitetur
2111 2066 2270 2126 enim
2331 2086 2398 2126 se

366 2160 574 2218 fecisse
619 2159 919 2230 iniuriam,
975 2177 1185 2216 uerum
1241 2157 1388 2215 dicit
1442 2158 1813 2231 necessitate,
1862 2156 2019 2232 quod
2052 2157 2216 2220 *uelit
2262 2174 2400 2213 eam

366 2248 629 2324 puellam
676 2266 713 2305 a
759 2247 950 2304 milite
1006 2248 1285 2322 recipere,
1343 2265 1497 2323 quae
1553 2246 1668 2304 sibi
1724 2265 1890 2305 soror
1944 2248 2121 2304 antea
2175 2247 2396 2304 fuerat.
2431 2264 2497 2305 15

365 2341 430 2396 et
475 2338 757 2413 quoniam
795 2355 1025 2412 semper
1060 2336 1316 2395 uenialis
1355 2338 1548 2394 status
1586 2335 1693 2394 sub
1734 2335 2003 2411 qualibet
2037 2334 2398 2412 purgatione

365 2428 706 2485 coniectura
751 2427 1064 2498 tractatur,
1110 2444 1189 2483 an
1229 2425 1341 2484 hoc
1384 2425 1583 2483 animo
1625 2425 1833 2483 fecerit
1873 2425 1999 2483 siue
2041 2422 2399 2483 necessitate

366 2514 495 2574 siue
543 2515 663 2573 alia
710 2514 976 2589 qualibet
1023 2533 1223 2587 causa,
1259 2514 1577 2572 tractanda
1612 2514 1707 2573 hic
1745 2515 1860 2573 erit
1899 2514 2083 2572 etiam
2120 2512 2402 2572 similiter

365 2605 722 2664 coniectura.
773 2624 950 2680 quam
980 2604 1219 2678 quidem
1247 2622 1372 2661 rem
1405 2603 1665 2663 breuiter
1698 2603 1992 2677 percurrit
2027 2603 2158 2680 ipsa
2195 2602 2398 2661 dicens

367 2684 452 2773 (v.
473 2685 744 2774 16—17)
768 2688 909 2751 ‘non
930 2712 1048 2769 quo
1079 2711 1440 2769 quemquam
1468 2692 1604 2768 plus
1632 2692 1899 2768 diligam,
1919 2712 1987 2751 eo
2008 2693 2148 2766 feci,
2176 2691 2279 2750 sed
2304 2692 2399 2749 ita
2430 2711 2495 2750 20

365 2785 501 2841 erat
525 2801 636 2855 res,
664 2780 1000 2841 faciendum
1028 2777 1186 2841 fuit’.
1217 2781 1363 2840 haec
1391 2782 1797 2840 controuersia
1825 2782 2263 2841 accusationem
2289 2781 2398 2840 ha·

368 2872 473 2931 bet
501 2874 561 2930 et
597 2872 1016 2947 defensionem,
1055 2871 1159 2930 sed
1196 2870 1460 2930 defensio
1488 2873 1831 2946 perseuerat
1854 2885 2042 2946 'usque
2072 2871 2151 2930 ad
2178 2870 2398 2928 delibe-

367 2964 656 3020 ratiuam:
711 2980 851 3019 nam
896 2963 1161 3037 petitura
1208 2963 1299 3019 est
1343 2961 1623 3020 meretrix
1678 2960 1911 3037 aliquot
1954 2960 2096 3034 dies,
2143 2978 2204 3019 se
2252 2959 2397 3016 adu-

549 3138 579 3183 2
619 3134 677 3184 et
711 3130 904 3184 uultus
943 3137 1069 3186 ante
1105 3132 1440 3199 persuadere
1470 3152 1507 3183 α
1539 3134 1546 3199 Ι
1579 3130 1666 3201 ut]
1706 3134 1763 3182 et
1795 3130 1920 3183 LF
1938 3132 1956 3198 ΙΙ
1994 3136 2025 3183 5
2064 3130 2268 3183 deinde
2298 3130 2359 3183 F
2381 3133 2400 3199 ΙΙ

368 3209 401 3255 6
442 3202 676 3275 (quae)
713 3202 846 3256 talis
876 3223 913 3254 α
941 3204 959 3271 ΙΙ
991 3208 1017 3254 7
1057 3201 1377 3271 postularat
1414 3223 1450 3254 α
1477 3203 1497 3271 ΙΙ
1525 3207 1557 3254 8
1594 3202 1858 3255 meretrix
1887 3233 1952 3241 —
1984 3202 2105 3272 qui]
2136 3202 2225 3254 cui
2255 3201 2402 3255 alter

367 3278 588 3327 amator
625 3294 661 3326 α
694 3276 702 3341 ξ
735 3273 833 3342 qui
871 3272 1011 3345 (ei)
1044 3274 1113 3340 F,
1151 3291 1252 3328 om.
1283 3276 1337 3329 L
1382 3275 1401 3342 ΙΙ
1449 3278 1514 3326 10
1553 3275 1609 3326 et
1644 3274 1732 3326 hic
1768 3274 1895 3327 add.
1928 3275 2040 3339 W.;
2070 3280 2197 3342 post
2231 3277 2402 3342 rapta

370 3347 569 3415 leyitur
604 3347 666 3398 in
705 3365 741 3397 α
770 3348 788 3414 ss
819 3350 883 3398 12
923 3345 1001 3416 <a
1038 3344 1141 3415 se>
1180 3344 1418 3399 exclusit
1455 3366 1492 3397 α
1519 3348 1537 3414 Η
1569 3350 1632 3397 17
1673 3345 2051 3398 coniecturam
2090 3347 2210 3414 (per
2246 3345 2399 3398 coni-

376 3417 455 3483 G)
487 3415 605 3469 LG
632 3417 649 3484 ΙΙ
681 3420 746 3469 18
784 3417 1080 3470 tractanda
1120 3418 1287 3484 (-tata
1320 3417 1389 3484 G,
1418 3420 1503 3469 -ta
1532 3417 1603 3483 L)
1642 3415 1734 3468 hio
1771 3416 1879 3470 erit
1941 3415 2033 3469 hic
2071 3417 2178 3469 erit
2212 3419 2401 3470 tracta

371 3505 413 3565 ος
443 3488 450 3551 Ι
485 3486 808 3540 coniectura
833 3488 1089 3540 similiter
1117 3507 1153 3539 α
1180 3491 1199 3557 ΙΙ
1231 3493 1298 3541 19
1325 3489 1448 3557 ipse
1479 3487 1596 3541 LG
1623 3488 1641 3557 ΙΙ
1670 3493 1737 3540 22
1768 3486 1879 3541 deli
1923 3488 2197 3541 eratiuam
2228 3487 2399 3559 <ora-

369 3554 628 3625 nonem>
668 3577 705 3608 α
766 3560 785 3624 ΙΙ
849 3563 915 3610 23
954 3559 1173 3627 aliquos
1212 3561 1364 3614 codd.
1401 3564 1408 3627 Ι
1442 3577 1499 3612 se
1539 3591 1603 3598 —
1643 3558 1966 3629 pollicetur]
2006 3562 2064 3613 et
2099 3557 2402 3627 pollicetur

374 3624 571 3677 haberi
610 3624 872 3695 deinceps
911 3645 971 3682 se
1008 3646 1041 3682 a
1079 3631 1317 3698 phedria
1358 3630 1714 3685 adulescente
1754 3648 1853 3685 suo
1894 3633 2140 3684 amatore
2177 3651 2214 3682 α
