2661 3940
31 2557 34 2718 s

848 266 1239 323 EVNVCHVS
1277 268 1482 323 PROL.
1518 274 1690 323 1—19
2198 269 2280 333 91

249 456 433 498 PRIVS
485 457 640 498 VNDE
674 457 846 496 PETIT
855 457 924 497 VR
968 456 1006 496 A
1020 457 1088 496 VR
1103 457 1183 496 VM
1225 456 1420 504 QVARE
1464 456 1560 496 sIT
1603 457 1769 496 SVVJI
1812 455 1977 503 QVAM
2016 455 2151 497 IPSE
2187 455 2219 503 Q
2232 456 2295 495 VI

250 548 428 588 PETIT
481 547 634 586 VNDE
688 546 746 586 Is
801 545 895 585 SIT
947 545 1135 585 THESA
1149 546 1218 585 VR
1231 546 1297 584 Vs
1351 545 1477 586 SIBI
1523 546 1561 586 A
1575 546 1645 585 VT
1698 546 1851 586 VNDE
1904 547 1972 586 IN
2028 546 2293 585 PATRIVM

249 637 563 678 noNIMENT
573 636 654 675 VN
693 636 805 675 PER
819 635 1068 676 VENERIT
1108 617 1167 674 in
1219 616 1525 676 comoedia
1571 635 1679 675 sua
1718 616 1831 675 hoc
1869 618 2288 695 argumentum

251 711 374 767 est:
432 707 677 782 quidam
725 725 935 784 agrum
989 705 1279 781 uendidit,
1335 707 1460 764 illic
1516 705 1729 764 habuit
1780 707 2044 783 patrium
2098 707 2288 765 moni-

250 800 537 868 mentum,
573 797 640 854 in
687 815 804 871 quo
849 796 1161 855 thesauros
1208 799 1442 871 emptor
1485 796 1733 854 inuenit.
1810 797 2101 872 comperit
2145 814 2287 854 uen-
2345 817 2370 855 5

252 888 440 946 ditor:
497 887 561 944 in
606 885 890 943 iudicium
941 886 1195 943 uenitur.
1279 887 1487 960 utique
1534 904 1603 943 ex
1649 885 1882 944 ratione
1929 889 1990 944 et
2035 904 2106 943 ex
2151 903 2287 944 con-

251 975 565 1036 suetudine
593 975 759 1050 prior
775 974 944 1050 loqui
964 974 1138 1032 debet
1164 974 1267 1032 ille
1296 975 1403 1048 qui
1427 976 1584 1048 petit
1601 1005 1692 1014 ——
1710 976 1934 1049 petitor
1960 975 2057 1032 hic
2087 976 2286 1033 autem

250 1064 533 1125 uenditor
568 1066 659 1123 est
693 1095 800 1138 -—,
835 1067 905 1123 ut
941 1062 1196 1123 secundo
1241 1064 1374 1121 loco
1420 1063 1778 1139 respondeat
1816 1082 1851 1120 a
1890 1082 2007 1139 quo
2044 1063 2288 1137 petitur,

249 1155 365 1214 hoc
404 1157 496 1212 est
524 1156 772 1229 emptor.
846 1155 911 1212 at
948 1156 1157 1212 contra
1190 1151 1441 1212 Luscius
1478 1151 1785 1211 Lanuinus
1822 1153 1982 1225 fecit,
2027 1154 2097 1210 ut
2123 1153 2290 1227 prior

249 1246 600 1319 loqueretur
643 1242 799 1301 unde
846 1243 1092 1318 petitur,
1140 1261 1320 1316 quam
1356 1242 1460 1300 ille
1506 1242 1610 1317 qui
1657 1243 1826 1316 petit.
1884 1260 2024 1318 ergo
2072 1260 2287 1316 propo-
2318 1262 2371 1300 ιο

250 1335 396 1393 sitio
426 1332 692 1392 criminis
711 1332 1004 1391 collocata
1032 1335 1148 1391 est:
1179 1331 1477 1406 incipiunt
1496 1332 1621 1389 eius
1652 1349 1864 1390 causae
1893 1330 2286 1405 quaestiones,

250 1442 325 1482 ac
380 1423 574 1497 primo
629 1420 1114 1497 praescriptionis
1174 1423 1265 1479 est
1328 1424 1536 1479 status.
1628 1423 1827 1496 potest
1883 1421 2042 1478 enim
2097 1420 2289 1478 dicere

249 1512 509 1571 Luscius
545 1509 852 1569 Lanuinus
888 1503 1264 1586 ‘reprehendi
1298 1529 1421 1568 non
1456 1505 1741 1584 possum'.
1814 1509 2044 1585 placuit
2078 1511 2143 1589 in
2179 1510 2291 1567 hac

120 1606 213 1662 14
251 1600 562 1660 comoedia
616 1600 770 1659 hanc
823 1600 1355 1676 praescriptionem
1417 1598 1570 1657 solui
1636 1600 1721 1658 sic
1790 1589 1879 1656 14
1937 1617 2162 1656 DEHINc
2210 1617 2289 1657 Nn

249 1707 657 1751 rnvs'rssa'rva
719 1707 855 1748 IPSE
922 1707 993 1748 sa
1066 1706 1187 1748 ΑΠ’
1252 1705 1348 1748 slc
1415 1705 1684 1747 comm-rr
1752 1703 2116 1748 parvucwvs
2178 1706 2292 1745 IAM
2320 1708 2372 1747 15

253 1798 379 1840 svm
416 1797 587 1838 imm.
624 1794 739 1835 ns'r
778 1795 947 1844 Qvon
984 1795 1175 1836 ch'r
1211 1796 1366 1837 mm.
1433 1777 1536 1836 sed
1572 1778 1726 1835 hanc
1761 1777 2291 1853 praescriptionem

252 1869 444 1928 donat
490 1870 550 1927 et
596 1866 893 1940 admonet,
939 1886 1013 1925 ne
1060 1870 1288 1944 peccet3
1350 1886 1531 1942 quam
1576 1886 1702 1924 rem
1748 1866 1957 1925 subtili
2002 1867 2291 1926 accusati-

253 1979 369 2019 one
416 1956 776 2034 composuit:
833 1976 903 2015 ex
948 1957 1061 2017 hoc
1106 1957 1263 2016 enim
1308 1958 1446 2033 plus
1503 1958 1832 2031 accusatur,
1888 1955 2182 2032 siquidem
2220 1955 2292 2016 de

252 2046 598 2125 praeteritis
645 2065 707 2106 se
754 2045 974 2105 donare
1020 2047 1243 2105 crimen
1290 2046 1552 2105 ostendit
1588 2047 1650 2104 et
1693 2046 1928 2105 monuit
1974 2048 2147 2122 quasi
2182 2048 2294 2105 ite·

250 2157 388 2196 rum
430 2139 831 2213 peccaturum.
924 2136 1102 2194 simui
1121 2174 1126 2180 ι
1147 2138 1207 2194 et
1253 2136 1376 2195 alia
1421 2135 1671 2195 crimina
1715 2136 1907 2195 multa
1953 2135 2175 2195 donare
2230 2142 2293 2195 se
2322 2155 2375 2194 20

252 2227 404 2285 dicit
446 2243 607 2284 nunc
651 2225 805 2283 uelle
852 2227 913 2284 et
956 2224 1145 2285 nihilo
1184 2226 1381 2284 minus
1417 2241 1480 2284 se
1515 2227 1652 2300 post
1688 2243 1759 2283 ea
1794 2225 1954 2284 nolle
1990 2224 2288 2300 reducere,

251 2318 306 2376 si
352 2335 473 2375 non
516 2314 722 2374 laedat
766 2314 1058 2373 inimicus.
1151 2315 1366 2391 quibus
1411 2314 1589 2372 rebus
1637 2317 1696 2372 et
1750 2332 2066 2388 personam
2120 2334 2291 2374 suam

254 2404 636 2465 commendat
695 2407 754 2463 et
808 2404 1137 2463 aduersarii
1196 2403 1273 2461 ad
1327 2403 1795 2462 confirmandam
1858 2403 2292 2477 impudentiam

123 2481 218 2539 19
255 2491 518 2553 †mittat.
546 2524 638 2534 -—
671 2484 760 2551 19
798 2511 904 2551 rm
930 2511 1037 2553 vri
1066 2510 1305 2551 racana
1344 2510 1654 2553 ms'rrrvrr
1692 2491 1854 2551 omni
1892 2493 2048 2551 enim
2078 2512 2289 2570 genere

252 2583 527 2643 laborare
592 2581 892 2656 debemus,
956 2584 1025 2640 ut
1078 2582 1452 2642 aduersarios
1517 2583 1627 2639 aut
1679 2582 1745 2640 in
1804 2581 2011 2640 odium
2066 2586 2171 2641 aut
2229 2585 2293 2641 in
2322 2601 2374 2640 25

252 2673 759 2748 contemptionem
805 2674 914 2731 aut
956 2673 1020 2729 in
1066 2671 1360 2729 inuidiam
1407 2670 1786 2729 adducamus.
1857 2672 1948 2730 ita
1987 2673 2053 2729 in
2090 2671 2294 2729 odium

253 2762 521 2842 adduxit,
569 2760 730 2835 quod
774 2760 926 2820 dixit
974 2756 1050 2819 ‘si
1094 2764 1303 2838 perget
1358 2760 1611 2833 laedere,
1666 2761 1756 2818 ita
1811 2762 1902 2818 uti
1956 2760 2149 2819 facere
2203 2763 2293 2818 in-

253 2846 499 2924 stituit',
539 2852 605 2907 in
642 2849 1162 2925 contemptionem,
1202 2849 1363 2925 quod
1410 2849 1562 2907 dixit
1608 2868 1732 2909 esse
1769 2850 1883 2908 tali
1919 2851 2179 2928 ingeni0,
2226 2852 2294 2908 ut

252 2941 645 3017 ignorauerit,
692 2939 794 3014 qui
840 2942 1007 3015 prior
1051 2940 1222 3014 loqui
1265 2940 1330 2996 in
1379 2940 1611 2999 actione
1660 2938 1914 2998 deberet.
1981 2938 2294 3016 subiungit

254 3029 467 3088 deinde
526 3029 779 3087 alteram
835 3028 1302 3088 controuersiam
1364 3045 1534 3092 QVAM
1589 3044 1752 3086 Nvuc
1809 3045 2038 3088 Ac'rvm
2095 3046 2290 3087 svmvs
2320 3048 2374 3086 30

437 3171 470 3216 5
518 3163 782 3217 uenditor
819 3163 1102 3217 Westerh.=
1142 3163 1363 3230 emptor
1399 3162 1553 3217 codd.
1618 3164 1636 3231 ΙΙ
1702 3167 1731 3213 7
1774 3165 1962 3215 autem
1999 3161 2090 3215 hic
2133 3162 2242 3215 Fa
2275 3164 2293 3230 ΙΙ

255 3240 288 3288 8
327 3251 361 3288 a
399 3251 512 3303 quo
552 3234 789 3305 petitur]
828 3237 928 3288 aut
964 3234 1175 3303 petitor
1211 3235 1245 3304 β
1271 3236 1291 3303 ΙΙ
1333 3239 1396 3286 11
1437 3232 1741 3304 incipiunt]
1780 3233 1986 3302 incipit
2023 3233 2172 3286 enim
2212 3256 2248 3287 α
2282 3235 2287 3303 Ι

254 3306 516 3374 quaestio
557 3326 594 3358 α
656 3308 675 3375 [Ι
740 3312 805 3359 13
852 3306 1104 3376 possum]
1151 3306 1399 3374 positum
1446 3305 1608 3369 L1F,
1663 3321 1827 3373 posse
1873 3306 2156 3358 mortuum
2197 3305 2295 3373 Gss

258 3383 324 3431 15
364 3377 584 3447 cogitat
620 3376 689 3443 L,
730 3378 917 3447 cogito
956 3378 1017 3432 F
1056 3378 1076 3445 ΙΙ
1123 3382 1189 3430 19
1227 3375 1514 3445 promittit
1551 3375 1760 3429 crimen
1799 3397 1836 3429 α
1868 3379 1875 3444 Ι
1907 3378 2098 3431 monet
2136 3376 2248 3430 Fa
2277 3380 2295 3446 ΙΙ

256 3454 326 3502 20
362 3447 546 3502 multa
574 3448 809 3501 crimina
843 3465 901 3502 se
932 3449 1139 3502 donare
1170 3468 1206 3500 α
1234 3450 1252 3517 ΙΙ
1282 3453 1346 3500 21
1378 3446 1526 3501 uelle
1558 3447 1649 3501 W:
1680 3446 1830 3501 nolle
1867 3449 2019 3503 codd.
2055 3451 2062 3516 Ι
2095 3450 2295 3517 postea

253 3521 409 3575 codd.
455 3523 463 3589 Ι
503 3519 772 3574 reducere
813 3521 921 3575 W.=
961 3536 1020 3574 se
1059 3520 1260 3573 ducere
1290 3519 1428 3584 LF,
1467 3518 1651 3571 dicere
1695 3519 1762 3585 G,
1799 3518 1947 3572 male
1988 3519 2172 3572 dicere
2212 3542 2248 3573 α
2275 3522 2294 3587 ΙΙ

258 3598 328 3646 24
354 3592 554 3645 mittat
582 3594 729 3660 (secr.
759 3609 827 3645 m.
858 3608 960 3647 rec.
989 3590 1216 3661 inuitet)
1238 3592 1308 3658 L,
1338 3590 1536 3644 iniecit
1562 3589 1676 3643 rell.
1706 3593 1724 3658 u
1755 3595 1821 3643 26
1851 3589 1911 3642 in
1937 3594 1991 3644 2.
2013 3608 2113 3644 om.
2138 3590 2255 3644 LG
2274 3592 2292 3657 ΙΙ

260 3669 327 3715 27
367 3662 452 3717 ita
489 3661 729 3735 (enim)
759 3684 796 3716 α
