2661 3940
412 227 592 282 XVIII
1226 227 1637 281 PRAEFATIO

412 396 606 474 Igitur
643 398 696 455 si
733 395 803 453 de
833 395 1132 455 codicibus
1163 397 1521 459 recensionis
1560 419 1597 455 α
1624 397 1943 471 loquimur,
1983 415 2215 473 semper
2244 398 2448 456 memi-

414 488 675 544 nerimus
729 502 962 545 necesse
1015 488 1104 544 est
1154 488 1363 543 notam
1413 484 1579 543 illam
1632 504 1667 543 a
1718 488 1890 560 parte
1942 486 2019 544 ad
2075 489 2273 545 totum
2323 506 2449 546 esse

412 574 786 633 translatam.

591 663 722 720 Iam
779 662 855 720 ad
910 663 1079 722 illam
1131 664 1540 738 quaestionem
1596 663 2000 739 pervenimus,
2067 665 2212 741 quid
2264 665 2449 724 'distet

412 755 569 810 inter
596 751 996 811 recensionem
1023 752 1063 830 β
1092 754 1152 810 et
1178 753 1578 811 recensionem
1608 774 1663 826 α,
1701 771 1881 828 quam
1909 752 2160 829 proprie
2178 754 2448 813 dicimus,

415 841 574 899 Huic
615 841 955 916 quaestioni
992 840 1305 900 solvendae
1346 840 1741 919 Gerstenberg
1791 842 1958 900 enixe
2007 862 2247 919 operam
2286 842 2451 902 dedit

415 933 478 988 et
543 930 660 989 sibi
709 931 1006 1004 persuasit
1058 923 1142 1007 (p.
1191 922 1348 1011 101)
1408 926 1700 989 ‘neutram
1757 931 2159 991 redactionem
2207 933 2448 1008 plenam

417 1039 675 1094 vereque
714 1020 1206 1097 Eugraphianam
1244 1038 1387 1091 esse,
1444 1017 1650 1078 sed...
1707 1028 2025 1094 utramque
2063 1020 2332 1079 breviore
2390 1025 2450 1080 et

417 1108 659 1167 exiliore
699 1110 788 1166 uti
825 1109 1043 1182 forma,
1093 1128 1272 1184 quam
1311 1127 1464 1183 quae
1512 1113 1841 1168 commento
1881 1108 2068 1183 ipsius
2113 1109 2452 1186 Eugraphii

415 1193 621 1256 fuerit'
673 1199 733 1255 et
788 1199 970 1273 paulo
1027 1197 1186 1256 infra
1235 1193 1443 1255 ‘simili
1488 1198 1616 1255 fato
1664 1190 1769 1278 (sc.
1801 1200 1982 1272 atque
2020 1197 2246 1255 Donati
2293 1217 2451 1256 com-

419 1290 686 1345 mentum
733 1289 954 1362 partim
993 1289 1364 1359 contractum
1409 1286 1632 1362 partim
1670 1286 2091 1346 additamentis
2130 1280 2449 1367 infectum)

417 1375 737 1435 commenti
774 1376 1187 1453 Eugraphiani
1223 1374 1625 1434 redactionem
1662 1398 1701 1433 α
1738 1375 1955 1447 deberi,
2003 1379 2211 1435 contra
2247 1376 2450 1434 redac-

417 1467 599 1524 tionis
638 1464 677 1542 β
720 1465 977 1524 formam
1034 1466 1211 1542 plane
1255 1464 1640 1523 immutatam
1683 1466 2094 1524 retractatoris
2142 1465 2450 1524 cuiusdam

413 1554 744 1613 industriae
822 1554 1185 1628 consilioque
1266 1549 1750 1614 attribuendam'.
1877 1554 2081 1629 Atque
2154 1573 2218 1613 re
2307 1573 2451 1612 vera

417 1645 818 1702 recensionem
857 1666 894 1702 α
943 1646 1003 1701 et
1049 1643 1518 1701 contractionem
1565 1646 1626 1700 et
1679 1644 2202 1718 interpolationem
2249 1644 2453 1703 admo-

421 1732 563 1790 dum
594 1735 897 1806 expertam
937 1749 1063 1790 esse
1093 1731 1240 1789 alibi
1269 1724 1447 1811 (Mus,
1478 1731 1661 1790 Rhen.
1696 1734 1820 1790 203
1854 1729 2007 1808 sqq.)
2048 1733 2220 1810 larga
2258 1751 2450 1790 exem·

417 1821 654 1897 plorum
692 1822 864 1896 copia
900 1821 1137 1896 prolata
1176 1820 1591 1895 comprobasse
1635 1822 1787 1880 mihi
1823 1823 2054 1881 videor:
2103 1823 2242 1880 talis
2291 1824 2450 1880 enim

417 1914 506 1969 est
554 1911 730 1969 huius
771 1911 1130 1969 recensionis
1167 1910 1427 1985 indoles,
1478 1913 1547 1968 ut
1592 1911 2036 1970 retractationis
2082 1913 2321 1969 nomine
2370 1913 2453 1969 sit

416 2000 781 2078 dignissima.
871 1998 1041 2068 Quod
1080 2000 1150 2058 de
1191 2000 1379 2058 altera
1423 2002 1762 2059 recensione
1800 2020 1918 2059 non
1957 2002 2047 2060 ita
2083 2002 2270 2060 valet:
2308 2020 2452 2062 nam

416 2091 530 2148 etsi
577 2088 1012 2147 concedendum
1061 2092 1150 2147 est
1186 2088 1315 2146 fieri
1350 2089 1614 2163 potuisse
1662 2090 1756 2148 vel
1803 2092 1986 2148 etiam
2031 2092 2259 2149 factum
2306 2108 2451 2164 esse,

416 2182 487 2236 ut
524 2180 779 2254 pristina
817 2180 1135 2236 commenti
1170 2178 1367 2237 forma
1403 2178 1500 2237 hic
1538 2178 1667 2236 illic
1702 2181 2123 2239 immutaretur
2160 2181 2283 2239 sive
2322 2197 2451 2237 cor-

417 2270 817 2342 rumperetur,
874 2270 1075 2325 tamen
1131 2285 1202 2325 ea
1258 2286 1411 2341 quae
1468 2265 1920 2346 Gerstenbergio
1978 2260 2061 2348 (p.
2115 2259 2271 2349 100)
2329 2288 2452 2326 non

418 2359 613 2413 minus
645 2375 823 2430 quam
854 2355 1024 2415 nobis
1044 2355 1355 2415 offensioni
1384 2359 1474 2415 est
1491 2356 1826 2435 loquacitas
1855 2359 2000 2417 satis
2026 2357 2241 2416 idonea
2270 2375 2451 2416 causa

418 2463 543 2504 esse
581 2464 700 2504 non
738 2444 999 2519 videtur,
1047 2463 1167 2520 qua
1204 2446 1484 2504 commoti
1519 2448 1918 2505 recensionem
1955 2446 1994 2524 β
2038 2447 2451 2507 retractatoris

419 2552 633 2609 operae
689 2533 889 2592 deberi
937 2533 1379 2594 contendamus.
1472 2533 1716 2593 Minime
1772 2537 1965 2612 igitur
2019 2538 2176 2594 stare
2233 2538 2449 2610 potest,

418 2622 577 2699 quod
615 2643 670 2682 v.
701 2622 755 2682 d.
787 2622 902 2682 sibi
938 2624 1238 2697 persuasit
1268 2619 1691 2683 ‘redactionem
1731 2647 1768 2683 α
1806 2624 1882 2682 ad
1919 2644 2127 2683 verum
2156 2643 2451 2683 commen-

416 2715 545 2770 tum
593 2714 858 2788 proxime
908 2708 1234 2771 accedere’:
1289 2714 1473 2771 immo
1539 2731 1719 2789 quam
1773 2715 2029 2772 maxime
2075 2716 2303 2772 remota
2361 2717 2452 2773 est

419 2800 492 2859 ab
531 2801 655 2875 illo,
694 2819 829 2859 cum
867 2802 1057 2860 altera
1088 2820 1268 2877 quam
1304 2819 1516 2862 vocare
1546 2801 1957 2862 consuevimus
1986 2804 2326 2861 recensione
2365 2835 2448 2843 --

416 2910 556 2948 nam
594 2891 832 2966 proprie
868 2893 1130 2949 recensio
1179 2890 1297 2950 dici
1344 2892 1444 2949 vix
1481 2893 1680 2966 potest
1722 2923 1797 2931 —
1841 2893 1893 2950 si
1937 2911 2057 2950 non
2096 2894 2335 2969 integra
2385 2896 2450 2950 at

418 2982 575 3038 certe
613 2979 804 3037 multo
843 2980 1135 3057 integrior
1171 2982 1491 3038 commenti
1526 2981 1720 3039 forma
1758 2983 1995 3039 servata
2034 2982 2128 3039 sit.
2404 3032 2408 3035 ,

593 3068 807 3127 Restat
823 3072 894 3127 ut
914 3069 1059 3145 quid
1075 3069 1304 3146 proprii
1322 3069 1542 3127 habeat
1559 3072 1821 3128 recensio
1837 3092 1880 3127 -α
1901 3089 2084 3146 quam
2103 3070 2450 3129 brevissime

416 3157 687 3216 indicem.
788 3157 876 3216 Ac
930 3157 1188 3234 primum
1246 3159 1482 3233 quidem
1531 3158 1723 3216 multa
1778 3159 1840 3215 in
1888 3158 2077 3217 artius
2125 3162 2449 3233 contracta,

416 3247 612 3305 multa
650 3249 832 3305 etiam
870 3246 1047 3322 plane
1085 3249 1303 3306 omissa
1353 3264 1478 3306 esse
1528 3266 1645 3306 non
1685 3248 1878 3306 solum
1926 3248 2140 3306 docent
2189 3267 2259 3306 ea
2297 3267 2450 3323 quae

416 3336 455 3394 1.
486 3354 533 3393 c.
561 3355 620 3411 p.
653 3337 781 3394 220
821 3336 1006 3394 attuli
1042 3336 1326 3409 exempla,
1366 3335 1468 3394 sed
1506 3338 1724 3410 omnia,
1765 3356 1919 3412 quae
1958 3337 2261 3397 inclinatis
2288 3337 2448 3397 litte-

416 3425 499 3482 ris
546 3425 926 3497 exprimenda
972 3427 1178 3484 curavi
1224 3426 1371 3483 satis
1420 3442 1709 3500 superque
1793 3425 2129 3485 ostendunt.
2216 3426 2446 3485 Deinde

419 3529 539 3569 non
566 3530 761 3586 pauca
791 3513 995 3573 addita
1024 3518 1164 3573 sunt
1202 3514 1275 3573 ab
1316 3534 1385 3573 eo
1418 3515 1522 3589 qui
1549 3517 1951 3574 recensionem
1979 3516 2150 3573 illam
2177 3517 2451 3591 confecit,

421 3618 572 3673 quae
622 3619 754 3659 cum
799 3604 1040 3680 proprio
1088 3606 1218 3663 loco
1265 3604 1544 3663 collocari
1591 3606 1863 3664 iusserim
1910 3606 1973 3663 in
2018 3605 2131 3664 hac
2169 3604 2450 3681 editione,
