2661 3940
722 325 753 386 ς
793 326 842 376 2.
904 319 1001 372 DE
1040 319 1272 374 LIBRIS
1309 319 1527 373 MANV
1529 317 1843 373 SCRIPTIS
2202 319 2305 372 VlI

260 482 352 571 (v.
379 481 583 569 infra).
631 489 801 548 Idem
827 491 922 549 vir
959 489 1165 548 doctus
1192 492 1333 564 post
1360 488 1595 547 Phorm.
1623 488 1711 547 IV
1742 490 1799 563 3,
1825 490 1855 546 1
1889 488 2116 547 laceras
2147 506 2302 547 com-

259 581 456 639 menti
489 581 694 655 partes
733 578 921 638 edidit
950 570 1065 658 (IV
1096 580 1151 652 3,
1178 579 1449 652 10—353
1478 578 1533 633 V
1566 582 1622 651 1,
1645 579 1870 652 3-383
1908 577 1964 633 V
1995 578 2055 651 2,
2078 579 2301 649 1Y-153

259 669 320 725 V
353 670 498 742 3‚1;
544 668 603 724 V
635 671 783 742 7‚2;
829 669 885 725 V
916 668 1225 742 8„1—18‚
1276 659 1569 747 29—44)‚
1626 684 1798 742 quae,
1854 686 1990 725 cum
2045 670 2107 725 et
2164 685 2301 726 con-

259 762 464 816 textus
517 757 594 816 ad
654 758 903 817 eandem
961 756 1364 816 recensionem
1414 756 1453 833 β
1504 757 1805 831 pertineat
1860 756 1921 813 et
1975 756 2129 814 alter
2181 775 2300 831 quo

260 845 650 924 Lindenbrog
678 865 822 906 usus
856 850 946 906 est
973 844 1154 905 codex
1172 845 1549 905 Phormionis
1580 839 1912 904 commento
1937 846 2178 904 omnino
2206 863 2301 905 ca-

261 938 413 1010 reat,
444 937 587 1011 quin
618 955 687 994 ex
714 935 876 994 foliis
914 934 1133 993 codicis
1161 934 1220 991 L
1256 953 1414 993 nunc
1452 933 1775 1010 deperditis
1805 934 2134 1010 descriptae
2162 932 2300 1009 sint,

261 1025 534 1084 dubitari
578 1025 682 1084 vix
727 1028 941 1099 potest.
1007 1022 1137 1083 Sed¹
1166 1042 1299 1082 cum
1347 1022 1542 1082 editor
1583 1023 1686 1081 ille
1726 1022 2011 1082 traditam
2048 1023 2300 1098 scriptu-

259 1133 397 1172 ram
426 1114 662 1189 saepius
690 1113 1063 1185 mutavisset,
1092 1131 1162 1171 ea
1181 1131 1335 1188 quae
1365 1130 1434 1170 ex
1462 1111 1722 1171 editione
1752 1112 1879 1171 eius
1908 1111 2190 1171 adnotavi
2222 1113 2296 1171 ab

261 1203 342 1262 iis
383 1222 644 1278 quaeex
680 1202 809 1278 ipso
847 1202 1000 1262 libro
1028 1202 1381 1278 'deprompsi
1416 1203 1661 1277 proprio
1699 1201 1849 1279 siglo
1879 1201 2301 1279 distinguenda
2373 1203 2395 1260 l

260 1292 493 1368 putavi.
549 1292 842 1351 Habitum
887 1291 1107 1350 codicis
1152 1290 1435 1350 Vossiani
1464 1290 1859 1368 Gerstenberg
1906 1282 1991 1370 (p.
2024 1283 2091 1370 5)
2139 1292 2297 1349 recte

260 1381 585 1457 descripsit
628 1381 720 1440 his
765 1380 960 1440 verbis
1010 1375 1178 1439 ‘folia
1215 1380 1455 1458 singula
1507 1381 1813 1456 superiore
1859 1382 2029 1455 parte
2072 1383 2299 1438 resecta

261 1473 425 1545 sunt,
478 1473 548 1529 ut
596 1471 1009 1528 columnarum
1058 1469 1240 1545 primi
1289 1487 1493 1528 versus
1544 1470 1720 1528 modo
1778 1488 1848 1527 ex
1897 1472 2067 1544 parte
2123 1468 2297 1527 modo

260 1560 447 1636 plane
493 1559 715 1633 desint3
765 1563 1075 1635 praeterea
1119 1558 1386 1633 priorum
1431 1559 1628 1617 minus
1676 1577 1857 1632 quam
1901 1559 2297 1632 posteriorum

262 1648 550 1708 foliorum
600 1649 897 1725 margines
947 1647 1094 1706 adeo
1142 1648 1392 1706 lacerati
1428 1650 1582 1721 sunt,
1620 1651 1689 1705 ut
1727 1665 1845 1705 non
1883 1647 2075 1705 solum
2113 1647 2295 1723 scrip-

262 1741 405 1796 tura
443 1756 618 1813 saepe
659 1739 875 1796 vitiata
912 1739 1009 1811 sit,
1046 1737 1151 1795 sed
1187 1738 1370 1795 etiam
1407 1737 1510 1795 fol.
1544 1737 1802 1794 26—28
1834 1735 2147 1794 dimidium
2173 1737 2297 1794 fere

262 1827 677 1887 columnarum
715 1826 1076 1885 exteriorum
1113 1821 1436 1884 exciderit.’
1484 1824 1612 1884 Iam
1652 1827 1704 1884 si
1732 1824 1912 1884 addes
1939 1827 2297 1900 scripturam

261 1916 426 1977 haud
454 1935 590 1976 raro
628 1917 718 1974 ita
755 1915 1040 1975 detritam
1077 1933 1220 1990 esse,
1256 1918 1325 1973 ut
1352 1914 1473 1993 legi
1501 1916 1742 1974 omnino
1761 1933 1890 1994 non
1916 1915 2123 1990 possit,
2161 1933 2297 1973 con-

264 2007 563 2065 dicionem
600 2005 740 2065 libri
774 2006 1171 2063 miserrimam
1207 2004 1323 2063 tibi
1360 2007 1559 2063 animo
1597 2004 1818 2082 fingere
1856 2007 2040 2079 potes.

445 2095 556 2155 Usi
600 2099 741 2154 sunt
786 2094 985 2154 codice
1030 2094 1090 2152 L
1133 2092 1532 2171 Lindenbrog,
1578 2093 1879 2166 PetaviuS,
1927 2092 2297 2166 Westerhov‚

264 2183 695 2262 Gerstenberg3
747 2185 1003 2245 excussit
1049 2203 1183 2243 eum
1231 2202 1281 2242 a.
1326 2183 1493 2241 1853
1550 2182 1837 2258 Schopen,
1892 2184 2112 2240 iterum
2167 2184 2295 2256 ipse

263 2274 498 2332 contuli
535 2293 587 2332 a.
621 2274 808 2333 1898.

449 2365 505 2422 2.
545 2360 776 2421 Codex
810 2360 1374 2420 Ambrosianus
1420 2359 1495 2418 H.
1530 2361 1610 2417 75
1650 2361 1756 2417 inf.
1795 2359 2295 2419 membranaceus.
2362 2361 2419 2417 A

265 2452 358 2510 De
392 2452 504 2511 hoc
544 2451 783 2511 Terenti
818 2451 972 2509 libro
1013 2448 1423 2525 Umpfenbach
1462 2441 1579 2529 (ed.
1610 2449 1739 2510 Ter.
1768 2450 1952 2524 praef.
1981 2470 2040 2524 p.
2070 2441 2292 2529 XXXI)

265 2543 358 2600 ita
401 2541 665 2599 rettulit:
705 2535 1211 2599 ‘membranaceus
1258 2544 1350 2598 est
1397 2537 1617 2597 saeculi
1668 2538 1899 2610 decimi,
1945 2538 2197 2613 picturis
2237 2584 2248 2597 .
2283 2583 2295 2595 .

267 2633 531 2704 ornatuS,
576 2629 998 2689 fasciculorum
1043 2646 1197 2687 nunc
1246 2626 1726 2703 quattuordecim
1766 2672 1778 2684 .
1813 2647 1855 2690 .,:
1891 2625 2068 2685 binae
2113 2646 2294 2686 mem-

265 2719 486 2778 branae
532 2722 671 2794 post
718 2720 1135 2795 argumentum
1169 2717 1386 2775 Heaut.
1426 2722 1487 2775 et
1532 2719 1670 2791 post
1706 2716 2020 2792 prologum
2056 2715 2293 2775 Phorm.

266 2808 526 2867 insertae
573 2810 730 2882 sunt,
767 2808 830 2864 in
868 2806 1084 2882 quibus
1113 2805 1448 2883 Eugraphii
1477 2809 1652 2865 notae
1680 2804 1744 2863 in
1776 2805 2052 2882 prologos
2092 2823 2296 2863 earum

268 2897 609 2955 fabularum
673 2897 962 2955 saeculo
1038 2894 1411 2958 undecimo
1477 2896 1732 2971 scriptae
1797 2897 1967 2953 suntt
2031 2893 2294 2953 eiusdem

268 2990 444 3046 notae
489 2985 555 3044 in
601 2986 880 3062 prologos
925 2983 1052 3045 Ad„
1077 2988 1136 3043 et
1181 2984 1321 3043 Hec.
1361 2986 1425 3042 in
1480 2985 1746 3062 margine
1798 2984 2063 3044 adiectae
2114 2978 2295 3042 sunt.’

267 3074 432 3134 Idem
459 3096 514 3133 v.
545 3075 600 3133 d.
631 3073 939 3150 Schopeno
977 3073 1357 3133 collationem
1397 3093 1431 3131 a
1470 3091 1531 3132 se
1569 3073 1794 3132 factam
1826 3091 1877 3131 a.
1913 3073 2079 3130 1866
2110 3071 2294 3146 misit,

270 3183 448 3239 quam
496 3165 560 3221 in
614 3164 740 3223 eius
792 3162 1022 3222 schedis
1073 3164 1335 3240 repperi,
1386 3166 1703 3238 postquam
1758 3180 1865 3237 per
1913 3160 2294 3220 Dominicum

269 3253 585 3312 Bonomini
639 3252 1144 3311 Mediolanensem
1200 3271 1251 3312 a.
1298 3252 1468 3310 1898
1528 3252 1651 3327 ipse
1709 3251 1857 3309 mibi
1912 3250 2294 3308 collationem

266 3341 407 3400 libri
431 3342 815 3400 Ambrosiani
844 3343 1202 3417 comparavi.
1249 3341 1423 3401 Nunc
1451 3344 1704 3415 utraque
1734 3358 1930 3398 carere
1958 3357 2293 3414 possumus,

267 3450 397 3491 cum
436 3430 620 3490 codex
646 3430 724 3504 A,
764 3432 868 3505 qui
904 3431 967 3488 in
994 3429 1455 3506 Umpfenbachii
1483 3429 1743 3487 editione
1771 3429 1974 3487 littera
2001 3429 2065 3486 F
2095 3431 2291 3505 signa-

266 3524 362 3580 tus
401 3522 511 3594 est,
549 3538 585 3578 a
621 3520 871 3579 Batavis
908 3519 1381 3596 photographica
1422 3519 1547 3576 arte
1586 3517 1853 3593 depictus
1892 3518 1987 3575 sit.

446 3610 503 3669 3.
562 3608 793 3668 Codex
849 3608 1344 3667 Laudunensis
1394 3608 1519 3665 467
1570 3598 1742 3685 (olim
1779 3605 1903 3661 XV.
1936 3603 2003 3662 Ο.
2034 3606 2094 3661 et
2134 3595 2289 3677 355)
2385 3618 2447 3673 F

267 3718 309 3759 S.
331 3699 441 3756 XV
470 3698 815 3759 chartaceus
843 3698 1126 3758 foliorum
1157 3698 1310 3768 2543
1342 3695 1413 3753 cf.
1438 3693 1622 3752 Catal.
1646 3687 1839 3769 gener.
1869 3691 1971 3749 des
1999 3704 2286 3747 manuscr.

2391 3837 2427 3849 A
