2661 3940
267 766 387 822 301

433 238 520 302 30
1007 239 1384 293 EVGRAPHI
1421 240 1892 296 COMMENTVM

1394 491 1496 558 ΙΙ.

1426 646 1457 700 1
1468 690 1479 700 .

613 758 647 823 l
702 783 850 830 QVID
925 784 1022 835 Als
1087 786 1318 825 BYRRIA
1383 787 1661 826 DATVRNE
1723 789 1855 826 [ιω
1911 788 2097 826 HODJE
2169 790 2471 828 PAMPHILO

437 852 724 913 Charinus
754 855 1120 932 indignatur,
1151 857 1307 931 quod
1338 856 1452 915 sibi
1482 859 1825 916 nuntiatum
1855 862 2009 918 esset
2044 859 2472 918 Philumenam

433 963 615 1019 quam
671 943 958 1022 diligebat
1005 945 1318 1021 Pamphilo
1377 963 1497 1004 esse
1540 949 1881 1022 nupturam.
1974 949 2308 1007 uehementi
2366 950 2469 1008 do-

431 1033 555 1091 lore
602 1051 911 1093 succensus
957 1035 1217 1110 primum
1273 1036 1675 1110 conqueritur,
1740 1037 1949 1095 deinde
2016 1038 2322 1112 deliberat,
2391 1059 2472 1097 an

431 1122 807 1197 Pamphilum
867 1127 1202 1203 conueniat,
1258 1127 1330 1182 ut
1385 1145 1515 1183 eam
1563 1145 1680 1184 non
1738 1126 1914 1185 ducat
1966 1146 2225 1185 uxorem.
2320 1129 2472 1187 deli-
2532 1150 2557 1190 5

430 1212 736 1270 beratiuae
783 1213 1036 1271 formam
1090 1215 1153 1272 in
1199 1215 1311 1272 hac
1367 1232 1580 1273 scaena
1636 1215 1929 1296 debemus³
1974 1217 2470 1276 animaduertere.

432 1318 501 1359 ac
536 1303 792 1376 primum
842 1321 920 1360 an
964 1321 1174 1360 uerum
1221 1305 1300 1362 sit
1339 1306 1679 1378 quaeritur:
1724 1304 1858 1363 ideo
1896 1307 2245 1383 interrogat,
2281 1308 2473 1382 ,quasi

433 1410 638 1448 uerum
695 1391 971 1450 audierit.
1074 1394 1165 1451 est
1210 1396 1270 1451 et
1328 1393 1625 1452 familiare
1679 1394 2028 1453 timentibus
2087 1400 2138 1453 et
2191 1401 2345 1454 certa
2417 1402 2474 1456 et

433 1482 730 1539 contraria
767 1470 1229 1540 desiderantibus
1256 1484 1474 1557 potius,
1513 1483 1672 1541 n'olle
1714 1483 1918 1542 audire
1958 1485 2116 1559 quod
2152 1485 2470 1544 inimicum

434 1569 512 1627 sit
575 1571 892 1629 uoluntati.
993 1572 1328 1648 interrogat
1402 1574 1603 1629 autem
1677 1575 1868 1648 primo
1933 1594 2059 1632 rem
2125 1569 2293 1648 ‘quid
2361 1577 2469 1650 aiS,
2505 1597 2557 1637 ιο

433 1654 732 1734 ByrriaP',
782 1659 1008 1730 deinde,
1047 1679 1180 1718 cum
1230 1678 1547 1720 consensus
1595 1664 1685 1720 est
1731 1663 2140 1721 commodatus
2189 1658 2296 1722 ‘sic
2344 1660 2468 1738 est',

267 1749 398 1806 302
434 1767 745 1823 personam
810 1751 1062 1826 quaerit,
1130 1770 1166 1808 a
1226 1769 1343 1824 quo
1400 1751 1657 1809 audierit
1714 1744 1753 1808 2
1806 1769 1908 1817 QVI
1965 1769 2110 1811 sms.
2203 1757 2267 1811 at
2322 1773 2469 1813 uero

432 1839 677 1896 nuntius
726 1839 1137 1914 compendium
1183 1839 1643 1917 interrogationi
1679 1841 1901 1899 faciens
1950 1844 2009 1898 et
2044 1860 2360 1916 personam
2407 1846 2472 1901 et

434 1927 633 1987 locum
689 1927 851 1995 dicit,
922 1929 1023 1988 ubi
1088 1928 1363 2004 audierit,
1430 1933 1549 1989 tam
1604 1929 1710 1988 diu
1758 1931 2261 2003 isnterroyationem
2315 1933 2471 1990 hanc

433 2020 633 2075 nolens
678 2020 888 2076 iterum
923 2021 1230 2077 sustinere:
1277 2037 1443 2077 APVD
1490 2037 1700 2078 FonvM
1744 2021 1942 2093 inquit
1989 2039 2162 2079 Mono
2211 2041 2248 2078 E
2296 2039 2467 2081 nAvo
2505 2043 2556 2083 15

432 2123 662 2166 Avmv1.
776 2126 893 2181 qua
945 2127 1009 2164 re
1076 2108 1425 2167 confirmata
1496 2109 1560 2165 in
1635 2111 2118 2183 conquestionem
2182 2113 2468 2170 continuo

432 2198 709 2271 prorupit
745 2197 1105 2270 adulescens,
1148 2199 1248 2272 qui
1289 2197 1441 2255 dixit
1476 2216 1597 2256 VAE
1636 2191 1863 2256 insano
1901 2218 2056 2273 MIHI,
2104 2199 2263 2275 quod
2310 2220 2470 2259 nunc

435 2290 663 2345 certum
717 2287 1047 2361 periculum
1104 2286 1200 2361 sit,
1265 2290 1403 2345 ante
1459 2288 1718 2346 incertus
1774 2288 1985 2347 fuisset
2040 2291 2286 2349 euentus
2298 2291 2349 2363 ³¹⁸,
2404 2295 2471 2348 ut

432 2393 532 2447 spe
569 2380 737 2448 atque
774 2377 974 2434 timore
1011 2376 1245 2434 animus
1280 2393 1599 2449 suspensus
1636 2372 2020 2455 teneret<ur>.
2076 2382 2213 2453 post
2249 2379 2466 2454 Byrria

435 2464 676 2523 adhibet
740 2467 1221 2539 consolationem,
1278 2466 1438 2541 quod
1494 2484 1677 2544 genus
1744 2466 2032 2525 orationis
2087 2467 2150 2525 in
2211 2470 2467 2527 materia
2496 2489 2550 2528 20

435 2553 699 2612 oratoria
756 2574 893 2613 raro
939 2557 1228 2613 uersatur.
1300 2555 1399 2614 hic
1438 2558 1637 2613 autem
1683 2557 1880 2630 posita
1919 2559 2025 2631 est,
2070 2561 2138 2615 ut
2183 2559 2467 2617 uoluntas

436 2642 509 2700 ab
567 2662 635 2701 eo
693 2643 852 2719 quod
899 2644 1028 2702 fieri
1073 2662 1192 2701 non
1237 2647 1439 2719 potest
1485 2644 1887 2705 consolatione
1935 2649 2209 2722 suscepta
2267 2647 2342 2705 ad
2406 2647 2469 2705 id

437 2867 628 2938 α*[18]
660 2869 718 2920 et
755 2883 822 2920 ex
861 2867 1097 2921 diuersis
1136 2869 1301 2922 rebus
1340 2867 1405 2921 fit
1442 2871 1835 2937 argumentum
1874 2885 1907 2921 a
1944 2869 2083 2938 pari.

618 3071 644 3117 1
687 3063 810 3133 agis
848 3065 999 3117 codd.
1024 3071 1244 3132 praeter
1281 3065 1365 3130 F;
1403 3066 1482 3117 sic
1518 3071 1567 3117 et
1607 3068 1672 3116 10
1720 3067 1737 3133 u
1783 3070 1816 3115 4
1854 3064 2032 3132 primo
2073 3086 2109 3118 α
2130 3066 2190 3119 F
2219 3068 2225 3134 Ι
2261 3065 2469 3120 deinde

436 3136 641 3189 liberat
678 3133 910 3204 LB'Vu
949 3140 980 3187 6
1020 3135 1466 3189 animaduertere
1497 3134 1885 3207 (diligenter)
1916 3137 1976 3190 F
2008 3139 2025 3205 ΙΙ
2074 3142 2101 3188 7
2143 3137 2218 3189 sit
2254 3154 2356 3190 om.
2387 3139 2423 3207 β

439 3207 727 3275 quaeritur
755 3209 902 3271 (ante
930 3209 1088 3276 corr.)
1119 3208 1181 3274 V,
1211 3207 1310 3260 -rit
1339 3207 1449 3260 ΒΗ
1473 3209 1559 3275 (ex
1596 3224 1731 3261 corr.
1759 3207 1850 3274 V),
1881 3210 2062 3260 -ratur
2090 3209 2123 3278 β
2153 3222 2167 3254 ³1
2207 3212 2237 3260 8
2269 3212 2356 3263 est
2385 3211 2445 3262 et

439 3281 586 3332 esset
622 3280 691 3344 L,
732 3281 817 3331 est
855 3280 1044 3331 autem
1086 3279 1136 3332 G
1181 3280 1198 3346 11
1248 3285 1308 3331 11
1354 3279 1738 3332 commodatus
1778 3281 1862 3331 est
1899 3301 1935 3331 α
1981 3282 1999 3347 Η
2050 3285 2113 3332 13
2151 3279 2468 3349 interroga-

438 3349 592 3403 tione
622 3349 673 3401 L
702 3352 720 3418 ΙΙ
751 3356 816 3402 14
855 3349 1282 3419 interrogationi
1321 3349 1369 3402 si
1400 3350 1531 3417 (-cio
1559 3350 1671 3402 nisi
1699 3351 1784 3418 F)
1814 3350 1960 3404 hanc
1989 3351 2135 3403 nolit
2164 3350 2351 3417 (nollit
2381 3352 2467 3420 F)

441 3420 563 3471 LF
613 3424 630 3484 11
698 3428 761 3471 15
808 3421 865 3490 Ε]
904 3421 950 3473 Sc
987 3422 1106 3490 (pro
1148 3423 1233 3489 ex)
1266 3422 1317 3474 L
1372 3422 1389 3489 ΙΙ
1457 3426 1520 3474 16
1561 3421 2017 3489 conquestionem
2048 3422 2313 3489 Schope-n:
2354 3440 2467 3489 quo

442 3491 791 3557 questionem
829 3493 879 3560 β,
919 3492 1211 3558 questione
1249 3494 1364 3561 (me
1391 3492 1477 3560 V)
1509 3514 1545 3544 oc
1573 3495 1591 3562 ΙΙ
1638 3498 1702 3546 17
1743 3494 1917 3564 quod]
1956 3494 2053 3561 qui
2083 3496 2155 3561 B,
2195 3494 2286 3546 cui
2327 3494 2425 3549 VS
2450 3495 2469 3565 ΙΙ

444 3564 509 3612 18
547 3560 746 3613 fuisset
781 3561 1024 3616 incertus
1063 3584 1099 3616 α
1133 3565 1139 3631 Ι
1173 3567 1236 3617 ut
1273 3580 1373 3632 spe
1410 3564 1520 3617 W.:
1562 3580 1596 3616 a
1634 3581 1731 3632 spe
1762 3565 1897 3632 LF,
1929 3565 2117 3634 aspice
2151 3564 2202 3617 G
2229 3568 2247 3634 ΙΙ
2287 3571 2343 3618 19
2382 3569 2469 3620 te-

442 3632 667 3682 neretur
696 3632 778 3683 W.
814 3634 820 3698 Ι
853 3632 1027 3686 birria
1056 3636 1126 3702 F,
1154 3651 1247 3688 —ae
1284 3635 1399 3688 rell.
1429 3636 1446 3702 ΙΙ
1476 3640 1543 3687 20
1584 3634 2024 3690 consolationem
2054 3635 2289 3690 adhibet
2318 3636 2421 3690 αθ
