2661 3940
413 204 545 272 274
988 202 1367 264 EVGRAPH]
1403 200 1877 264 coM'MENTVM

412 377 782 453 obtemperat
826 379 1024 452 matri,
1073 383 1128 437 et
1156 381 1375 451 pietate
1419 379 1542 446 illa,
1587 380 1729 437 haec
1765 396 1964 438 amore
1999 368 2294 438 retinetwr.
2356 379 2451 438 ita

410 467 592 526 habet
645 467 1126 541 conquestionem
1186 469 1600 527 calamitatum
1655 487 1922 541 suarum,
1969 470 2111 543 quia
2159 488 2228 525 ex
2275 488 2448 544 prae-

411 557 592 614 terito
643 575 841 614 amore
890 556 1165 614 similiter
1208 557 1404 615 multa
1449 557 1530 614 sit
1575 575 1802 632 passuS,
1850 574 1981 615 cum
2019 574 2228 616 amans
2264 576 2447 617 mere—

414 647 609 704 tricem
645 663 685 703 a
720 649 896 718 patre
940 648 1015 703 sit
1061 649 1290 704 coactus
1336 647 1542 704 ducere
1586 663 1825 704 uxorem
1868 656 2189 718 'rursusque
2235 665 2450 706 amans

412 731 710 807 coniuyem
761 728 1004 808 pereyr'e
1056 735 1272 807 pulsus
1336 736 1425 792 sit.
1490 753 1649 794 nunc
1704 752 1835 808 erqo
1878 753 2122 809 pereyre
2174 746 2450 794 reuersus
2508 755 2534 796 5

414 824 656 883 eandem
693 826 991 896 coniuyem
1027 826 1243 896 reperit
1286 825 1453 881 domo
1499 825 1829 883 discessisse
1874 827 2066 897 iuryio
2109 829 2249 883 nato
2294 828 2450 885 inter

411 917 658 971 matrem
703 917 755 971 et
799 914 1111 986 coniuyem,
1159 911 1315 971 unde
1361 914 1555 988 magis
1604 915 1688 971 sic
1709 942 1713 947 ·
1735 913 1850 972 sibi
1896 915 1992 987 sit,
2034 917 2103 972 ut
2141 917 2247 973 aut
2284 933 2447 972 amo-

414 1021 536 1060 rem
582 1002 886 1076 relinquat
930 1004 1038 1060 aut
1083 1001 1368 1060 aduersus
1405 1003 1694 1077 pietatem
1732 1003 1959 1076 aliquid
1995 1003 2195 1061 faciat.
2261 1004 2445 1078 expli-

415 1094 551 1150 cata
598 1091 1019 1165 conquestione
1067 1091 1300 1165 quaerit
1347 1109 1383 1148 a
1430 1110 1619 1165 seruo,
1667 1090 1812 1166 quid
1859 1093 1939 1149 sit
1984 1111 2088 1151 cur
2134 1110 2282 1150 uxor
2327 1092 2446 1151 dis-

245 1181 380 1239 282
417 1180 673 1238 cesserit.
719 1211 806 1219 —-
858 1172 898 1237 2
956 1197 1227 1238 ΗΑΝοῑΝΕ
1282 1198 1395 1237 Eoo
1450 1197 1643 1239 vrrAM
1702 1196 1880 1238 PARsi
1944 1199 2228 1239 Pisanum-2
2293 1181 2450 1239 hanc
2480 1201 2535 1241 ιο

416 1270 607 1326 uitam
645 1270 905 1342 seruaui,
951 1288 1025 1326 ne
1071 1266 1430 1344 penderem?
1479 1263 1686 1344 ‘parsi’
1727 1270 1884 1328 enim
1922 1269 1997 1327 ab
2045 1288 2112 1328 eo
2153 1274 2244 1329 est
2290 1270 2448 1346 quod

419 1361 508 1415 est
562 1375 793 1433 paroc.
862 1357 964 1416 sed
1021 1357 1071 1415 si
1126 1376 1306 1433 parco
1368 1357 1665 1434 significat
1718 1360 1957 1416 ueniam
2013 1359 2108 1432 do,
2161 1361 2448 1434 praeteri-

417 1450 546 1505 tum
618 1447 799 1505 faciet
871 1448 1219 1522 peperci,
1294 1448 1348 1506 si
1419 1465 1598 1522 parco
1674 1465 1983 1521 conseruo,
2055 1448 2449 1523 praeteritum

247 1535 376 1594 284
417 1528 618 1610 parsi
681 1535 877 1594 faciet.
955 1568 1037 1575 ——
1114 1527 1158 1593 4
1227 1554 1330 1593 CVI
1391 1553 1616 1600 QVANTO
1686 1555 1920 1594 FVERAT
1988 1556 2453 1595 PRAESTABJLJVS

414 1625 623 1683 ‘melius
670 1629 838 1697 atque
883 1626 1207 1697 optabilius.
1243 1657 1318 1665 —
1361 1643 1465 1683 vm
1503 1644 1599 1685 vis
1649 1644 1922 1683 GENTIVM
1959 1618 2167 1703 <hoc>
2194 1629 2284 1684 est
2319 1618 2447 1685 ubi·
2480 1645 2533 1685 ιε

248 1715 380 1772 286
419 1732 684 1788 cumque.
734 1745 817 1753 —
868 1707 912 1772 6
960 1732 1089 1772 NAM
1143 1732 1258 1772 nos
1318 1731 1520 1773 OMNES
1572 1732 1787 1779 QVIBVS
1830 1733 1941 1772 EST
1981 1734 2281 1796 4L¹0VNDE
2323 1735 2450 1773 ALI-

423 1821 455 1867 Q
468 1821 558 1860 Vts
601 1821 812 1860 ARIEGT
822 1821 887 1859 Vs
932 1821 1113 1860 EABos
1160 1821 1318 1860 oMNE
1364 1820 1513 1867 QVOD
1560 1822 1669 1860 EST
1714 1823 1965 1861 INTEREA
2005 1823 2236 1861 TEMPVS
2277 1824 2455 1862 PRIVS

424 1910 588 1956 QVAM
631 1911 692 1949 m
738 1910 1054 1949 RESGITVM·
1077 1910 1187 1948 EST
1228 1909 1414 1949 LVGRo
1461 1911 1572 1949 EST
1615 1895 1836 1950 etenim
1880 1911 2004 1965 nOS,
2054 1895 2155 1967 qui
2203 1913 2451 1972 peregre

419 1982 602 2057 positi
631 1999 849 2055 sumus,
877 1982 940 2038 in
969 1983 1133 2040 lucro
1161 1981 1471 2061 habemus:
1509 1982 1605 2040 hic
1635 1984 1825 2042 omnis
1854 2000 2056 2041 sensus
2096 1986 2205 2056 est,
2241 2003 2452 2041 uerum

421 2071 679 2129 elocutio
728 2070 930 2144 ardua,
988 2089 1126 2129 nam
1174 2089 1306 2128 cum
1357 2074 1799 2145 praeposuisset
1847 2066 1976 2131 ‘nos
2021 2068 2267 2146 omnes',
2314 2072 2451 2130 sub·
2480 2091 2530 2131 so

420 2159 616 2217 iunxit
681 2154 768 2216 ‘in
831 2160 998 2219 lucro
1064 2153 1194 2233 est',
1261 2178 1395 2217 cum
1457 2159 1667 2235 utique
1734 2179 1859 2220 esse
1925 2159 2194 2219 debuerit
2258 2157 2455 2219 ‘nobis

422 2243 740 2322 omnibus',
801 2250 870 2305 ut
916 2249 995 2307 sit
1040 2248 1338 2324 integrum
1383 2243 1575 2307 ‘nobis
1612 2244 1927 2326 <omnibus
1965 2251 2028 2307 in
2064 2251 2232 2309 lucro
2273 2246 2449 2327 est’).

422 2337 524 2395 sed
579 2338 691 2394 hoc
745 2337 1062 2396 locutionis
1121 2356 1303 2414 genus
1361 2338 1595 2412 antiqui
1651 2339 1993 2397 absolutum
2046 2338 2454 2414 appellabant,

422 2430 491 2483 ut
536 2419 833 2502 Virgilius
872 2418 1049 2506 (Aen.
1083 2427 1144 2483 X
1179 2419 1519 2507 244—45)
1561 2423 1846 2487 ‘crastina
1891 2428 2008 2503 lux,
2054 2446 2188 2487 mea
2234 2430 2288 2486 si
2332 2448 2455 2488 non

250 2516 383 2574 288
421 2517 459 2573 i.
499 2514 552 2573 d.
591 2535 667 2590 p.,
703 2517 741 2572 i.
782 2515 849 2572 R.
890 2535 933 2575 s.
973 2534 1019 2573 c.
1060 2511 1134 2573 a.'
1176 2548 1264 2555 —
1303 2509 1346 2573 8
1386 2533 1465 2574 Ac
1515 2534 1571 2574 SI
1619 2533 1818 2576 ci'mvs
1868 2533 1973 2582 QVI
2018 2535 2096 2574 TE
2143 2535 2454 2577 EXPEDIAS
2484 2536 2533 2576 25

426 2623 528 2661 HIS
571 2623 687 2661 AER
700 2623 875 2662 Vums
919 2623 1209 2662 REPERIAS
1253 2604 1401 2663 dicit
1454 2605 1648 2680 magis
1694 2604 1970 2681 prodesse
2021 2624 2244 2678 serum,
2293 2606 2456 2682 quod

423 2711 697 2752 reuersus
725 2694 1072 2767 Pamphilus
1102 2695 1374 2751 dominus
1402 2693 1507 2752 sit:
1547 2713 1616 2751 ex
1646 2693 1756 2753 hoc
1785 2695 1943 2753 enim
1978 2694 2108 2753 fieri
2134 2697 2350 2769 potest,
2385 2699 2457 2753 ut

423 2782 595 2855 facile
641 2783 846 2841 sedare
892 2786 1116 2840 tantam
1163 2784 1394 2841 turbam
1432 2787 1484 2840 et
1520 2782 1757 2841 domum
1798 2783 2084 2842 seditione
2127 2783 2456 2842 domestica

424 2873 613 2946 possit
650 2871 973 2929 absoluere.
1019 2873 1209 2943 mayis
1255 2888 1375 2930 esse
1413 2889 1543 2944 erqo
1581 2873 1956 2946 commodum,
1993 2873 2145 2945 quod
2179 2890 2456 2932 reuersus

423 2957 516 3034 sit,'
545 2978 721 3033 quam
748 2963 802 3019 si
830 2960 1022 3019 adhuc
1037 2977 1279 3033 pereyre
1306 2962 1540 3032 fuisset:
1557 2965 1748 3034 potest
1776 2964 1927 3020 enim
1952 2980 2076 3019 rem
2104 2979 2453 3034 coquos-cere,
2484 2981 2535 3021 so

422 3052 579 3108 iram
621 3050 923 3122 explicare,
962 3066 1175 3107 rursus
1210 3051 1416 3108 ambas
1463 3050 1543 3108 ad
1583 3053 1843 3124 qratiam
1886 3052 2199 3110 restituere.
2257 3068 2457 3111 conso-

608 3244 631 3289 1
667 3237 1015 3306 obtemperet
1042 3239 1076 3307 β
1109 3239 1116 3305 Ι
1149 3236 1365 3308 pietate
1387 3269 1453 3276 —
1479 3238 1642 3308 haec]
1673 3241 1835 3307 petat
1861 3238 1963 3291 ille]
1995 3238 2045 3292 G
2078 3241 2085 3307 Ι
2117 3239 2327 3292 retinet
2358 3240 2411 3293 G
2437 3241 2454 3307 ΙΙ

425 3314 456 3359 4
495 3325 631 3374 -que
667 3324 767 3361 om.
803 3308 854 3362 G
889 3310 907 3378 ΙΙ
946 3313 977 3361 5
1017 3310 1113 3380 sit]
1154 3310 1240 3361 est
1281 3309 1334 3363 G
1364 3311 1372 3378 Ι
1406 3324 1537 3377 ergo
1575 3326 1676 3363 om.
1707 3310 1769 3363 F
1797 3311 1815 3378 ΙΙ
1864 3315 1929 3362 10
1967 3310 2113 3363 hanc
2149 3309 2354 3381 uitam]
2394 3310 2455 3363 id

427 3380 512 3429 est
549 3398 584 3429 α
639 3380 657 3445 ΙΙ
714 3384 777 3432 11
818 3381 905 3431 est
942 3379 1012 3432 ab
1055 3395 1117 3433 eo
1156 3400 1192 3432 α
1238 3382 1256 3448 ΙΙ
1305 3385 1369 3431 13
1409 3379 1548 3433 facit
1586 3401 1624 3433 α
1659 3383 1677 3449 ΙΙ
1726 3387 1790 3433 15
1829 3380 1935 3434 hoc
1972 3382 2101 3435 add.
2142 3382 2397 3436 Westerh.
2437 3384 2454 3450 ΙΙ

428 3450 494 3495 20
530 3448 912 3513 proposuisset
951 3450 1100 3518 FV'
1135 3449 1428 3519 subiungit
1463 3451 1497 3520 β
1543 3453 1560 3520 ΙΙ
1608 3456 1671 3503 21
1713 3451 1772 3503 in
1810 3469 1910 3506 om.
1940 3453 1974 3522 β
2018 3456 2037 3520 ΙΙ
2085 3459 2151 3505 22
2192 3452 2450 3505 omnibus

430 3541 494 3550 —-
525 3517 772 3594 estudd.
805 3520 887 3573 W.
935 3521 953 3587 ΙΙ
1000 3525 1067 3572 24
1106 3523 1194 3592 ut]
1234 3523 1291 3574 et
1326 3523 1362 3591 β
1415 3522 1433 3589 ΙΙ
1488 3527 1554 3573 25
1594 3521 1669 3574 At
1708 3523 1776 3589 G,
1815 3540 1915 3577 om.
1947 3544 1985 3576 οε
2036 3527 2057 3591 ΙΙ
2112 3529 2176 3575 27
2217 3527 2304 3577 est
2346 3524 2397 3577 G
2440 3524 2447 3594 Ι

428 3580 515 3647 ut]
551 3583 650 3633 ubi
686 3587 720 3652 β
747 3590 765 3653 ΙΙ
794 3593 861 3639 28
900 3590 1207 3645 domestica
1243 3608 1344 3646 om.
1375 3592 1436 3646 F
