2661 3940
879 271 1161 325 ANDRIA
1199 272 1249 324 V
1278 277 1328 337 2,
1361 276 1516 337 1—3‚
1549 277 1609 325 11
2183 271 2263 334 '77

235 441 380 504 dem.
457 439 704 514 quidam
748 441 853 498 hoc
899 440 1077 499 aliter
1120 440 1489 517 intelligunt,
1550 439 1712 516 quod
1757 440 2028 499 dominus
2075 443 2268 499 iratus

233 528 604 588 iracundiam
651 547 821 588 suam
869 529 1233 588 deriuauerit
1278 531 1341 587 et
1384 529 1506 587 leni
1543 547 1690 588 uoce
1729 530 1947 587 dixerit
1985 525 2266 602 ‘quadru-

223 621 428 692 pedem
480 613 895 692 constrinyito’,
951 618 1063 678 hoc
1110 623 1193 677 est
1243 621 1313 676 ut
1367 619 1698 677 iumentum
1746 619 1991 694 aliquod
2039 619 2268 696 alliget,

233 727 348 768 non
393 708 609 783 ipsum,
648 709 709 765 et
746 707 1082 765 confirmari
1117 708 1334 766 uolunt
1380 726 1451 766 ex
1488 725 1574 782 eo,
1623 708 1799 782 quod,
1835 703 2056 785 (cum)
2091 707 2268 766 Pam-

232 797 431 872 philus
497 796 887 873 interrogarit
953 816 1073 855 non
1140 798 1300 855 recte
1369 796 1611 855 Dauum
1675 796 1966 870 uinctum,
2028 816 2266 873 respon·
2324 819 2348 859 5

233 887 329 944 det
390 885 556 944 Simo
606 880 776 945 ‘haut
830 886 918 944 ita
976 881 1156 945 iussi'
1206 878 1303 967 (V
1328 890 1386 954 4,
1419 883 1545 961 52).
1621 885 1725 945 sed
1787 887 1999 945 melior
2062 905 2267 946 sensus

234 975 515 1051 superior.
529 976 564 1006 '⁶

115 1147 205 1198 866
238 1145 410 1216 α*[’1]
450 1143 543 1227 25.
578 1162 682 1227 um·
723 1163 852 1227 neo·
876 1164 979 1199 Pon
1025 1164 1195 1228 nomn
1243 1144 1476 1198 definire
1530 1145 1659 1198 uult
1712 1161 1814 1213 per
1834 1216 1845 1227 ι
1870 1143 2269 1213 differentiam,

446 1217 587 1340 ἓξὲξ
600 1216 986 1341 αᾶὲἰξῖξΐΐζῖἔ
1003 1216 1200 1340 ἓξὲξ
1218 1219 1584 1356 (ἓῗθᾟῗέἓέ
1603 1218 2268 1358 ῗὶῗῗζῗῗηῗέῗωῗῗέᾆ

447 1358 666 1428 pietate
703 1360 865 1430 gnati
902 1359 962 1413 in
1002 1375 1225 1412 seruum
1263 1359 1450 1412 factus
1490 1362 1575 1413 est
1614 1358 1871 1412 crudelis,

1095 1543 1413 1550 ῂ--φ--ἶ

1232 1671 1287 1727 3.

57 1784 58 1787 “
99 1793 208 1852 872
421 1787 458 1852 l
504 1798 641 1859 QVIS
679 1812 765 1850 ΜΕ
793 1813 952 1853 vvm*
987 1813 1156 1852 PERH
1186 1813 1374 1852 PATER
1410 1812 1524 1851 ESP
1552 1793 1697 1852 haec
1735 1811 1947 1852 scaena
1975 1795 2271 1854 uenialem

238 1888 462 1943 statum
526 1882 733 1942 habet:
795 1886 1109 1943 accusatur
1173 1883 1330 1941 enim
1342 1886 1394 1956 ὕ,
1458 1884 1610 1956 quod
1660 1887 2056 1958 pereyrinam,
2120 1886 2273 1957 quod

238 1977 590 2033 meretricem
637 1973 879 2033 eandem
913 1974 1056 2033 uelit
1098 1991 1338 2032 uxorem
1383 1974 1606 2043 ducere,
1678 1974 1781 2032 sed
1814 1976 2040 2047 puryat
2083 1991 2160 2042 se,
2207 1978 2274 2032 ut
2304 1997 2352 2033 ιο

237 2066 570 2123 necessitate
614 2063 873 2137 compelli
910 2065 1102 2136 possit
1110 2083 1132 2132 ,·
1178 2067 1372 2122 tamen
1415 2065 1636 2131 inserit,
1683 2067 1750 2121 ut
1782 2068 2073 2136 noscatur,
2121 2065 2274 2136 quod
2326 2115 2327 2118 ,

244 2152 402 2213 Crito
439 2170 502 2211 se
546 2155 694 2211 scire
730 2153 888 2211 dicat
931 2154 1111 2210 ciuem
1162 2170 1281 2211 esse
1316 2150 1574 2210 Atticam
1615 2150 1965 2225 Glycerium.
2005 2183 2094 2224 —4
2134 2170 2273 2217 QVID

238 2259 339 2301 Ass
404 2260 639 2301 cumn!
694 2243 1044 2300 iracwndiae
1104 2243 1405 2314 familiare
1466 2242 1571 2299 hoc
1638 2258 1757 2300 esse
1824 2260 1994 2315 saepe
2057 2242 2274 2301 dictum

100 2330 201 2388 873
238 2336 335 2390 est.
408 2333 503 2391 hic
546 2334 864 2389 intercessit
920 2330 1187 2390 Chremes
1238 2335 1290 2390 et
1344 2330 1492 2389 dixit
1546 2323 1586 2387 2
1640 2350 1770 2397 REM
1828 2349 2035 2389 Porzvs
2098 2350 2280 2389 IPSAM

237 2439 343 2479 mc
406 2439 619 2478 omrm
678 2440 840 2478 MALE
909 2438 1016 2485 ιορ
1028 2439 1089 2478 VJ
1154 2423 1386 2479 omissis
1457 2420 1780 2479 maledictis
1852 2424 2078 2478 tantwm
2148 2421 2274 2493 filio
2305 2442 2355 2481 15

100 2508 199 2566 877
236 2513 458 2568 crimen
528 2512 766 2568 intenta.
859 2512 1152 2568 accusatio
1224 2511 1428 2582 incipit
1505 2503 1550 2567 6
1617 2528 1749 2567 Nm
1820 2528 2062 2567 coelur
2135 2528 2275 2575 QVID

99 2597 201 2658 882
236 2618 418 2657 DIGAT
450 2617 583 2657 NVM
616 2616 792 2656 FACT!
823 2617 1028 2658 ΡνοΕΤ,
1086 2599 1295 2657 deinde
1334 2598 1596 2657 defensio
1644 2617 1680 2656 a
1724 2598 1998 2674 precibus
2050 2592 2137 2657 ll
2189 2619 2273 2657 ME

235 2707 532 2748 msnssvm.
621 2690 755 2747 tota.
799 2706 1003 2745 rursus
1049 2690 1348 2747 accusatio
1397 2688 1752 2763 supponitur
1799 2706 1836 2745 a.
1881 2688 2058 2748 factis
2104 2708 2271 2764 prae-

236 2880 277 2912 α
296 2858 324 2887 *
342 2858 416 2929 [9]
456 2875 491 2911 a
528 2858 715 2924 dictis,
764 2873 799 2910 a,
833 2856 1019 2922 scotie,
1068 2856 1142 2910 ab
1179 2856 1382 2909 habitu
1428 2857 1613 2924 faciei,
1660 2857 1761 2911 ubi
1809 2857 2033 2927 signum
2080 2858 2274 2926 paeni-

456 2929 670 2983 tentiae
707 2927 1060 2997 perquisiuit.

424 3096 455 3143 2
493 3088 610 3144 leui
641 3088 798 3155 GB‘3
837 3092 908 3157 cf.
935 3107 989 3157 p.
1023 3094 1111 3157 67,
1134 3094 1167 3143 5
1195 3091 1213 3158 ΙΙ
1242 3095 1274 3141 4
1311 3106 1424 3142 non
1461 3089 1650 3157 ipsum
1680 3089 1866 3162 (sed)
1897 3097 2024 3144 ante
2061 3089 2273 3142 iumen-

237 3165 363 3215 tum
401 3183 438 3216 α
470 3164 479 3230 Ι
511 3160 828 3215 confirmari
863 3161 1087 3232 uolunt]
1127 3160 1457 3215 confirmant
1494 3182 1532 3214 α
1564 3164 1573 3231 Ι
1616 3178 1743 3215 cum
1780 3162 1908 3215 add.
1946 3164 2028 3217 W.
2064 3165 2071 3229 Ι
2112 3160 2277 3213 Pam-

238 3231 460 3302 philum
481 3264 548 3272 —
568 3232 847 3304 uinctum]
877 3234 1008 3301 post
1035 3235 1155 3302 (om.
1187 3233 1254 3301 S)
1285 3233 1651 3299 conquerenti
1678 3232 1976 3301 Pamphilo
2016 3232 2086 3285 de
2114 3232 2275 3286 Dauo

236 3303 434 3357 uincto
463 3324 504 3356 οι
537 3307 557 3373 ΙΙ
594 3310 625 3355 5
663 3303 1030 3373 interrogarit
1056 3305 1125 3370 L,
1158 3304 1333 3356 -uerit
1361 3305 1430 3366 F,
1461 3306 1576 3357 -uit
1608 3306 1685 3370 63
1731 3304 2084 3371 interrogans
2122 3303 2276 3357 dixe·

238 3375 319 3428 rit
350 3376 515 3430 Goetz
546 3378 555 3444 Ι
586 3375 888 3443 respondet
929 3376 1115 3431 Goetz:
1155 3374 1268 3427 -dit
1303 3376 1455 3428 codd.
1486 3380 1504 3443 Η
1533 3382 1564 3427 6
1603 3376 1855 3445 superior
1882 3392 2076 3430 sensus
2105 3374 2275 3447 <est>

240 3446 441 3500 melior
478 3468 517 3500 α
578 3448 597 3515 ΙΙ
663 3452 729 3500 10
776 3446 1010 3501 eandem
1047 3463 1148 3501 om.
1181 3446 1233 3499 L
1296 3448 1314 3514 Η
1382 3451 1445 3498 11
1496 3447 1646 3515 quod
1688 3447 1755 3513 G,
1803 3446 2072 3516 quicquid
2111 3447 2265 3585 LF'

246 3524 315 3573 12
353 3518 496 3573 dicit
527 3519 580 3573 G'·
619 3520 626 3586 Ι
668 3518 766 3585 qui
805 3524 933 3572 ante
959 3518 1141 3572 ciuem
1170 3519 1298 3571 add.
1321 3517 1392 3584 L,
1431 3525 1559 3571 ante
1587 3535 1644 3569 se
1673 3519 1735 3570 F
1780 3520 1798 3585 ΙΙ
1858 3523 1921 3570 13
1959 3519 2081 3587 agis
2111 3518 2233 3573 FG

245 3597 315 3646 14
352 3592 438 3643 cst
476 3606 577 3644 om.
608 3590 733 3644 LF
756 3592 910 3658 (recte
927 3590 977 3658 .9)
1026 3592 1045 3656 ΙΙ
1099 3595 1162 3642 15
1203 3588 1377 3643 dicito
1417 3590 1634 3657 (om'r'rn
1665 3619 1730 3628 -—
1761 3607 1923 3648 LoQV1
1960 3592 2082 3657 om.)
2112 3588 2236 3643 LF
2263 3587 2269 3655 Ι

241 3662 466 3717 omissis
504 3660 823 3715 maledictis
861 3679 960 3716 om.
987 3663 1039 3716 G
1066 3663 1084 3730 ΙΙ
1116 3666 1180 3714 18
1219 3679 1252 3714 a
1289 3678 1391 3715 om.
1423 3662 1457 3730 β
