2661 3940
411 246 543 312 232
983 245 1361 302 EVGRAPHI
1398 244 1873 302 COMMENTVM

245 417 373 475 330
413 434 594 491 quam
638 415 996 475 iniuriarum
1027 415 1113 475 sit
1149 417 1477 476 accusatus,
1514 446 1606 457 —
1644 406 1734 473 16
1783 432 1932 482 QVIA
1976 432 2101 475 uon
2138 433 2306 474 amn
2338 433 2451 474 Ac-

414 523 643 566 cn>1¹rm
690 524 907 564 TENDJT
915 523 984 563 VR
1030 523 1145 571 NEQ
1156 524 1228 563 νε
1269 524 1377 563 ua
1388 524 1455 563 νο
1501 504 1738 578 idcirce,
1799 504 2018 580 inquit,
2070 498 2277 583 (non)
2317 522 2451 564 sum

412 596 726 654 accusatus
790 597 928 670 post
990 596 1085 653 tot
1144 594 1419 669 iniuriaS,
1470 612 1619 670 quas
1681 594 1797 652 feci
1855 593 2102 668 ciuibus,
2159 594 2449 669 quoniam

410 685 564 742 retia
611 701 731 742 non
774 683 929 743 fiunt
972 683 1148 742 malis
1195 683 1414 742 auibus
1459 685 1530 741 ut
1575 684 1909 758 capiantur.
1966 701 2086 741 non
2128 684 2256 741 rete
2306 701 2449 761 ergo

411 772 679 831 tenditur
727 805 807 813 —-
859 772 1021 848 quod
1078 772 1323 848 quidam
1383 772 1593 850 legunt
1648 766 1789 830 “non
1840 775 1987 831 recte
2040 766 2320 831 tenditur'
2358 804 2450 813 —
2507 792 2533 832 5

412 861 677 934 accipitri
730 879 912 935 neque
963 861 1165 930 mimo,
1221 861 1326 937 qui
1379 860 1550 920 nobis
1606 860 1760 920 male
1815 861 2063 935 faciunt,
2117 864 2182 921 at
2238 863 2449 920 contra

411 950 532 1010 illis
582 950 718 1010 aliis
755 950 1040 1024 tenditur,
1080 951 1186 1026 qui
1220 969 1343 1010 non
1377 949 1535 1009 male
1570 948 1801 1008 faciunt
1835 949 2024 1009 nobis.
2074 951 2217 1009 haec
2253 954 2451 1010 autem

411 1057 594 1100 causa
651 1043 747 1109 est,
804 1041 957 1114 quod
1010 1041 1076 1098 m
1119 1038 1257 1107 illis,
1313 1040 1416 1113 qui
1467 1039 1556 1098 nil
1601 1038 1753 1097 male
1795 1040 2027 1112 faciunt
2067 1039 2255 1108 nobis,
2298 1042 2452 1098 inest

409 1130 656 1202 fructus,
709 1130 776 1188 in
826 1130 947 1189 mis
996 1145 1155 1196 uem,
1202 1129 1304 1201 qui
1347 1128 1500 1187 male
1542 1128 1788 1200 facium,
1834 1127 2058 1187 &aditur
2103 1145 2299 1201 opera,
2344 1129 2450 1187 hoc

414 1222 496 1277 est
538 1219 908 1291 frustrantur
952 1218 1208 1277 labores:
1256 1219 1415 1277 wnde
1460 1220 1512 1276 et
1553 1218 1620 1275 in
1654 1217 1777 1276 iuis
1811 1217 1940 1276 sola
1957 1211 2142 1295 (est)
2179 1222 2445 1291 captura.
2475 1238 2534 1277 ιο

249 1308 378 1365 333
419 1340 502 1349 —
544 1299 632 1365 19
675 1323 839 1367 Anus
877 1325 1149 1368 ALIVNDE
1187 1323 1543 1367 ancvmm
1578 1322 1693 1365 usa*
1740 1324 1895 1366 VNDE
1935 1324 2073 1372 Λιιρ
2084 1325 2180 1365 vm
2226 1325 2456 1365 amum

414 1414 630 1454 POTEST
669 1395 763 1454 illi
808 1396 1228 1456 tantummodo
1273 1397 1364 1455 rei
1410 1413 1535 1455 esse
1569 1398 1822 1470 possunt
1860 1398 1921 1454 et
1955 1395 2303 1471 periciitari,
2343 1397 2451 1471 qui

412 1484 634 1543 habent
668 1484 824 1544 unde
864 1486 1222 1545 detrimenta
1259 1486 1522 1544 sentiant
1562 1484 1664 1542 uel
1710 1483 1940 1560 aliquid
1978 1484 2137 1560 quod
2173 1484 2448 1559 perdant.

244 1575 371 1632 334
412 1575 547 1633 ideo
575 1574 772 1634 iunxit
801 1567 895 1633 ‘20
924 1592 1068 1634 mm
1093 1593 1186 1633 sc]
1195 1593 1305 1633 vm·
1338 1592 1509 1632 NIHIL
1536 1591 1693 1632 Esse,
1726 1605 1810 1615 —
1840 1591 2014 1632 mel-:s
2038 1592 2275 1633 nvos-M·
2298 1593 2448 1632 Dm·

413 1681 622 1722 Num
644 1682 855 1722 noum!
876 1663 979 1723 sed
1005 1664 1291 1740 proponis
1319 1662 1469 1721 mihi
1499 1657 1668 1737 ‘quid
1695 1657 1901 1722 enim?
1947 1663 2001 1722 si
2026 1663 2299 1722 fortunas
2327 1681 2449 1723 non
2476 1683 2532 1723 15

411 1751 683 1826 habeam,
728 1771 798 1811 ex
845 1752 1061 1829 quibus
1108 1752 1537 1812 condemnatus
1573 1770 1829 1827 poenam
1866 1751 2209 1826 sustineam,
2245 1755 2448 1811 tamen

414 1840 610 1901 addici
645 1859 891 1918 possum
928 1842 1005 1900 ad
1033 1836 1438 1901 seruitutem':
1483 1840 1595 1899 hoc
1632 1844 1723 1900 est
1760 1842 1918 1900 enim
1955 1841 2217 1900 ducere
2253 1840 2449 1902 dam-

244 1930 376 1990 335
414 1934 671 1990 natum.
720 1931 822 1991 sed
867 1949 1073 1992 rursus
1111 1923 1197 1991 21
1240 1949 1436 1990 ALERE
1468 1948 1704 1990 Nozmvr
1733 1947 2013 1991 nomam!
2041 1948 2307 1990 EDAGEH:
2361 1931 2452 1991 ita

414 2022 571 2079 enim
616 2020 764 2079 mihi
807 2022 1137 2080 maximum
1181 2020 1535 2080 beneficium
1580 2019 1990 2096 praestabunt,
2045 2019 2096 2079 si
2142 2020 2450 2080 addictum

414 2130 507 2168 me
552 2109 670 2169 sibi
714 2128 957 2185 pascere
1000 2110 1312 2186 incipiant,
1358 2111 1428 2167 ut
1472 2127 1580 2186 pro
1627 2108 1937 2184 maleficio,
1984 2108 2144 2185 quod
2190 2109 2312 2168 illis
2357 2111 2448 2168 in-
2476 2130 2532 2170 πο

246 2199 378 2256 337
413 2199 546 2272 tuli,
605 2198 952 2261 beneficium
1017 2200 1308 2277 cogantur
1370 2199 1701 2258 restituere.
1740 2229 1829 2239 —-
1877 2190 1968 2257 23
2026 2216 2151 2258 NON
2210 2215 2450 2259 Poms‘r

416 2305 588 2347 suls
653 2306 762 2346 pao
823 2306 1043 2347 ummo
1097 2307 1174 2346 AB
1229 2306 1361 2346 azo
1417 2296 1543 2345 ΤῙΒῙ
1590 2306 1856 2346 nemum
1906 2306 2119 2346 <nuru
2174 2289 2286 2347 hoc
2333 2293 2451 2347 est:

414 2376 686 2436 dominus
740 2377 967 2453 utique,
1014 2379 1120 2453 qui
1171 2379 1231 2436 te
1287 2376 1593 2435 addictum
1637 2376 1898 2451 habebit,
1942 2380 2143 2453 potest
2185 2376 2301 2435 tibi
2345 2376 2449 2437 bo·

414 2484 554 2525 nam
613 2467 873 2543 gratiam
926 2466 1146 2525 referre
1205 2485 1314 2542 pro
1369 2465 1600 2525 meritis
1644 2466 1793 2525 tuis:
1838 2468 1922 2525 ita
1977 2468 2131 2526 enim
2182 2466 2355 2525 habet
2395 2466 2453 2525 is

245 2555 379 2613 338
414 2557 480 2614 in
505 2558 788 2627 potestate
812 2556 1114 2623 uniuersa,
1144 2573 1293 2628 quae
1318 2556 1387 2613 im
1413 2557 1464 2614 te
1498 2555 1657 2626 facit.
1702 2556 1795 2613 hic
1829 2556 2125 2628 respondit
2160 2546 2250 2613 24
2288 2572 2451 2614 nmo
2479 2575 2533 2616 25

414 2662 565 2703 num
619 2662 789 2704 nnuc
847 2661 1018 2703 sams
1075 2663 1185 2702 meo
1239 2662 1458 2703 uEfflro
1510 2662 1659 2702 REGI
1709 2662 1975 2702 Gau-zu
2022 2662 2256 2702 flet-mr
2315 2662 2454 2702 cum

415 2751 620 2793 seruus
685 2733 931 2792 dixisset
987 2728 1209 2809 ‘potest
1270 2733 1388 2792 tibi
1441 2733 1661 2792 referre
1725 2727 2026 2810 gratiam',
2079 2732 2177 2792 hic
2240 2736 2455 2793 contra

417 2816 697 2899 ‘gratiam
724 2823 854 2900 regi
880 2817 1076 2881 nemo'
1119 2823 1320 2897 inquit
1359 2817 1566 2881 ‘refert
1600 2824 1918 2898 propterea
1942 2816 2170 2899 (quia)
2210 2816 2453 2898 pascit’.

418 2905 590 2989 ‘regi'
647 2912 847 2970 autem
910 2911 1149 2971 domino
1213 2911 1314 2970 uel
1371 2912 1475 2988 qui
1536 2912 1730 2970 nutrit
1790 2909 1890 2969 uel
1945 2912 2051 2986 qui
2113 2911 2323 2986 pascit.
2363 2943 2456 2953 —

594 3050 625 3098 2
673 3062 786 3099 non
833 3045 961 3100 add.
1004 3046 1260 3101 Westerh.
1317 3047 1336 3114 ΙΙ
1401 3051 1434 3098 4
1480 3044 1627 3099 retia
1662 3044 1870 3099 Zeune:
1921 3060 1988 3099 ea
2034 3046 2186 3101 codd.
2216 3048 2235 3115 ΙΙ
2282 3052 2312 3099 6
2354 3046 2454 3115 qui

418 3147 484 3155 —
522 3115 741 3170 faciunt
777 3123 903 3172 ante
941 3123 972 3170 ὅ
1018 3118 1169 3185 quod
1213 3138 1250 3170 α
1282 3117 1290 3184 Ι
1322 3115 1470 3169 male
1512 3133 1614 3171 om.
1653 3117 1688 3187 β
1719 3117 1728 3185 Ι
1777 3116 2054 3203 tendetur
2084 3118 2163 3188 βυ
2210 3122 2239 3171 7
2288 3117 2454 3172 nobis

417 3210 544 3259 ante
581 3220 694 3258 non
731 3225 768 3257 α
830 3208 856 3276 ΙΙ
915 3210 982 3259 10
1018 3206 1125 3259 hoc
1162 3207 1249 3259 est
1284 3203 1627 3258 frustrantur
1663 3205 1780 3258 W.:
1828 3207 2054 3260 'restant
2090 3208 2173 3274 (ut
2208 3207 2339 3268 vid.)
2383 3207 2455 3273 G,

421 3315 574 3329 .....
606 3277 660 3331 L
692 3278 699 3345 Ι
741 3277 890 3330 unde
930 3278 1041 3331 W.:
1089 3277 1257 3331 modo
1295 3276 1450 3330 codd.
1484 3278 1492 3345 Ι
1524 3274 1640 3329 illis
1681 3277 1790 3330 W.:
1827 3276 1919 3330 his
1955 3278 2110 3333 codd.
2145 3280 2153 3346 Ι
2195 3280 2283 3333 est
2319 3279 2453 3333 add.

430 3346 512 3398 W.
542 3349 561 3413 ΙΙ
607 3351 674 3401 18
712 3347 981 3415 perdatur
1020 3349 1088 3414 G,
1129 3389 1175 3401 ..
1199 3388 1247 3401 ..
1287 3348 1342 3402 L
1387 3351 1405 3416 ΙΙ
1454 3352 1516 3400 13
1559 3346 1819 3400 adiunxit
1858 3348 1909 3401 G
1937 3350 1955 3416 ΙΙ
1999 3354 2065 3402 15
2103 3348 2365 3421 (etiam)
2405 3350 2456 3403 si

423 3433 458 3463 α
485 3417 504 3481 11
533 3421 596 3468 21
638 3419 914 3486 coguntur
941 3438 995 3484 α,
1034 3419 1244 3487 cogunt
1276 3419 1345 3484 G,
1385 3461 1394 3472 .
1422 3460 1467 3472 ..
1494 3460 1505 3471 .
1528 3462 1539 3473 .
1563 3417 1633 3486 L,
1662 3435 1799 3473 corr.
1833 3420 2084 3475 Westerh.
2115 3423 2133 3490 ΙΙ
2161 3426 2228 3474 23
2267 3421 2367 3489 qui
2396 3423 2456 3475 te

423 3483 615 3548 utique
653 3505 692 3537 α
725 3492 743 3553 η
790 3493 857 3540 24
895 3489 1045 3542 enim
1080 3497 1130 3544 et
1166 3490 1214 3542 is
1251 3506 1353 3544 om.
1390 3490 1440 3543 G
1476 3492 1494 3556 ΙΙ
1540 3494 1609 3543 28
1646 3489 1835 3557 inquit
1871 3497 1999 3545 ante
2049 3491 2171 3575 regi
2206 3513 2243 3545 α
2278 3495 2285 3561 Ι
2318 3492 2458 3560 quia

425 3550 553 3603 add.
586 3554 668 3606 W.
699 3559 718 3621 Η
745 3562 812 3608 29
843 3557 1145 3631 (scilicet)
1176 3560 1405 3614 domino
1439 3562 1489 3615 G
1523 3564 1529 3629 Ι
1562 3560 1782 3634 <e>qui
1817 3562 1910 3617 Ga
1942 3565 1949 3631 Ι
1981 3566 2228 3616 nutritor
2256 3563 2347 3633 (-1·i
2381 3564 2456 3634 G)

428 3620 608 3684 codd.;
645 3626 822 3677 nutrit
861 3627 999 3681 alios
1039 3632 1221 3685 Zewne
