2661 3940
872 214 1152 269 ANDRIA
1185 214 1266 268 IV
1294 221 1344 281 5,
1376 215 1568 269 11—V
1599 221 1647 283 1,
1677 219 1707 267 9
2230 212 2317 276 ‘13

269 385 415 441 dare
445 384 498 441 ei
526 383 975 460 adulescentula,
1017 386 1119 458 qui
1143 401 1264 442 uon
1300 385 1490 442 solum
1528 387 1781 444 amicam
1817 383 2064 450 haberet,
2103 400 2316 440 uerwm

270 476 327 530 et
370 474 753 546 pereyriuam
814 476 1002 532 nescio
1065 491 1244 546 quam
1287 491 1404 545 pro
1458 491 1639 531 uxore
1692 475 1960 531 retineret
2013 476 2066 530 et
2118 490 2186 530 ea:
2243 491 2310 531 ea

269 563 464 633 filium
511 563 870 635 suscepisset.
960 562 1098 620 huic
1141 564 1450 636 responsio
1495 553 1585 635 fit}
1629 567 1689 620 et
1725 565 1814 620 est
1851 565 2044 620 status
2082 563 2309 620 coniec-

268 651 506 723 turalis,
543 651 764 709 falsum
801 651 967 710 istud
1004 669 1130 710 esse
1168 670 1359 727 neque
1414 652 1850 710 adulescentem
1887 650 2103 708 habere
2139 651 2313 709 illam

260 742 647 813 perecriuam
689 759 799 815 pro
845 759 1045 814 uxore,
1091 759 1273 813 neque
1327 742 1501 799 talem
1553 742 1724 799 illum
1779 757 1898 798 esse.
1943 741 2153 811 filium,
2209 741 2311 799 sed
2364 760 2396 800 5

271 831 630 888 meretricem
663 834 908 903 propter
953 831 1375 888 disturbandas
1421 833 1660 901 nuptias
1714 831 1830 888 ista
1883 832 2176 902 coyilasse.
2222 861 2311 870 ·——

277 936 446 975 SATIS
491 938 602 976 Em
648 937 816 976 SATIS
860 937 996 976 Smo
1042 937 1332 976 SPECTATA
1379 938 1533 977 ERGA
1584 938 1658 976 TE
1709 936 1820 976 Ε31·
1870 936 2135 976 Amcmu
2190 937 2312 976 ΜΕΑ

260 1008 540 1079 probata,
587 1009 793 1081 inquit,
840 1007 978 1066 olim
1025 1012 1108 1066 est
1143 1011 1404 1067 amicitia
1450 1026 1608 1066 mea:
1652 1011 1777 1066 iam
1814 1008 2019 1066 desiste
2057 1009 2312 1080 amplius

274 1098 632 1155 calamitatis
675 1099 999 1170 imponere:
1042 1115 1223 1170 usque
1270 1099 1351 1156 ad
1385 1097 1718 1170 periculum
1764 1097 2048 1154 custodita
2091 1097 2313 1169 famili-

94 1187 240 1244 822
275 1187 493 1244 aritate
517 1189 787 1258 perueni.
826 1218 908 1226 --
952 1178 993 1244 3
1025 1205 1157 1244 Dm!
1181 1205 1404 1243 STVDEO
1436 1204 1613 1251 OBSEQ
1625 1205 1686 1243 νι
1719 1205 1844 1244 TIBI
1875 1203 2073 1243 PAENE
2111 1204 2312 1245 1nnvs1
2343 1207 2399 1245 10

272 1292 472 1333 vnum
518 1277 771 1332 rmum*
817 1275 963 1334 haec
1010 1277 1200 1335 omnis
1258 1277 1557 1334 accusatio
1614 1279 1718 1334 est.
1811 1275 1951 1333 dum
2007 1274 2313 1349 obsequor,

274 1365 495 1439 inquit,
550 1364 681 1437 tibi,
736 1365 857 1423 iam
916 1368 975 1423 et
1029 1364 1156 1422 filia
1209 1384 1345 1423 mea
1398 1366 1729 1440 periclitari
1782 1365 1994 1439 coepit.
2084 1365 2188 1423 hoc
2235 1369 2316 1423 est

97 1455 237 1512 823
273 1453 429 1511 illud
495 1447 681 1512 ‘illusi
741 1456 927 1512 uitam
990 1446 1194 1525 filiae’.
1260 1486 1344 1494 —
1412 1445 1457 1511 4
1522 1471 1681 1512 mmo
1745 1471 1897 1511 Eum
1960 1470 2121 1512 nvnc
2189 1470 2314 1513 cvm

278 1560 524 1599 MAxmn
571 1561 685 1599 ABS
729 1562 803 1600 TE
848 1561 989 1600 POST
999 1561 1099 1600 no
1143 1543 1481 1620 generalem
1529 1561 1711 1618 supra
1755 1544 2017 1618 positam
2077 1561 2312 1602 accusa-

275 1632 505 1689 tionem
543 1651 755 1706 parum
803 1632 1178 1690 intellexerat
1226 1631 1389 1690 Simo
1438 1636 1490 1689 et
1531 1633 1747 1690 idcirco
1801 1648 1863 1690 se
1908 1633 2190 1689 conuertit
2233 1633 2312 1690 ad
2341 1653 2396 1692 1⁵

265 1737 495 1793 preces,
541 1725 608 1778 ut
650 1722 743 1780 hic
793 1720 1061 1780 Chremes
1094 1723 1296 1793 potius
1341 1723 1407 1780 in
1442 1721 1938 1793 promissionibus
1985 1726 2316 1794 perseueret

280 1813 336 1867 et
398 1811 550 1882 quod
613 1811 810 1868 uerbis
876 1814 1009 1868 ante
1073 1811 1303 1868 dixerat
1363 1813 1498 1882 ipsa
1561 1809 1842 1883 compleat
1900 1812 2161 1868 ueritate.
2235 1843 2311 1850 —

100 1899 237 1957 825
279 1892 328 1956 6
377 1917 524 1958 νιῡΕ
573 1916 744 1964 QVAM
788 1917 1034 1964 mlovvs
1083 1915 1173 1957 S1s
1212 1917 1393 1975 supra
1431 1898 1791 1975 generaliter
1829 1897 2105 1957 Chremes
2143 1918 2312 1957 accu-

278 1992 541 2062 sanarat,
586 2008 744 2047 nunc
799 1987 1099 2048 descendit
1156 1989 1231 2046 ad
1280 1990 1582 2064 speciem*
1638 1983 1798 2048 ‘uide
1843 2008 2021 2061 quam
2073 1991 2314 2063 iniquus

276 2073 407 2136 sis'.
455 2109 541 2119 —
591 2097 744 2135 PRAE
779 2096 989 2136 STVDIO
1025 2098 1157 2136 Dm
1190 2097 1253 2135 m
1291 2096 1461 2136 EActS
1498 2096 1648 2142 QVOD
1696 2096 1862 2135 VELIS
1887 2096 2085 2143 NEQVE
2108 2098 2229 2136 Meo
2241 2098 2322 2136 VM
2343 2099 2401 2138 so

267 2186 362 2224 ΒΕ
362 2185 701 2224 NJGNJTATJS
736 2185 934 2233 NEQVE
979 2186 1118 2232 QVID
1154 2186 1241 2225 ME
1277 2185 1422 2224 ORES
1460 2185 1700 2224 coatus
1725 2168 2077 2240 cupiditatis,
2105 2170 2312 2240 iuquit,

278 2256 474 2314 studio
531 2261 584 2314 et
629 2257 839 2315 ardore
891 2259 1074 2315 nimio
1127 2257 1449 2314 uoluntatis
1502 2265 1623 2313 uon
1677 2257 2105 2315 animadueriis
2160 2258 2313 2315 beni-

272 2347 524 2419 9nitatis
575 2346 813 2404 modum
866 2347 961 2405 uel
1016 2345 1169 2417 quod
1211 2347 1481 2419 postulas
1536 2346 1838 2419 diliyeuter
1890 2346 2178 2418 iutelliqis.
2226 2379 2314 2387 -

97 2437 238 2495 828
279 2428 328 2493 9
385 2454 463 2492 AT
519 2453 769 2493 ROGITAS
818 2451 1182 2493 PERPvmsn
1227 2453 1311 2491 ME
1368 2434 1466 2492 hic
1532 2438 1621 2492 est
1676 2437 1866 2493 omnis
1931 2438 2139 2510 aperta
2201 2436 2310 2494 illa

278 2526 603 2597 accusatio,
659 2542 811 2600 quae
859 2543 1150 2582 summam
1198 2525 1464 2582 continet
1511 2524 1774 2581 omnium
1818 2518 2170 2582 factorum*
2227 2557 2316 2564 —
2343 2544 2398 2584 25

281 2632 316 2678 Q
332 2632 436 2670 eoo
491 2631 712 2672 nomm
760 2633 839 2671 AD
851 2632 1214 2671 VLSGENTVLO
1278 2614 1373 2670 cui
1427 2613 1654 2671 lubrica
1710 2617 1872 2671 aetas
1926 2616 2168 2671 uarium
2213 2615 2316 2672 dat

277 2782 355 2837 α*
391 2799 441 2837 11
506 2782 747 2836 inludo
786 2783 1110 2837 accusatiuo
1149 2784 1324 2836 seruit
1361 2782 1467 2836 hoc
1505 2781 1644 2837 loco,

331 2854 356 2882 *
393 2870 443 2909 19
506 2857 565 2907 et
602 2872 668 2908 ex
705 2854 1027 2908 differentia
1066 2857 1150 2909 est
1187 2856 1600 2925 argumentum.

332 2925 467 2997 *[25]
498 2926 1092 3051 ἔέῃὲἒὲἰὲγιέᾶγαεωοε
1123 2925 1316 2995 (sindi-
1349 2927 1542 2995 codd),
1572 2925 1670 2994 qui
1707 2926 1787 2993 fit,
1818 2944 1943 2980 cum
1972 2926 2123 2980 bona
2148 2925 2317 2979 malis

462 3182 495 3229 4
532 3174 742 3229 falsum
784 3174 850 3242 G,
878 3192 966 3228 s-o
1004 3177 1118 3230 rell.
1157 3178 1176 3244 ΙΙ
1232 3181 1260 3228 7
1301 3195 1442 3230 ERGA
1480 3196 1545 3229 'ri-2
1584 3193 1683 3231 om.
1715 3178 1768 3230 L
1804 3178 1822 3244 ΙΙ
1863 3181 1924 3227 11
1959 3173 2106 3257 (in)
2136 3174 2315 3227 uitam

278 3248 362 3312 L3
400 3249 481 3301 sic
508 3255 558 3301 et
584 3249 744 3314 iufra
774 3250 842 3301 13
876 3249 882 3314 Ι
917 3247 1051 3299 dum
1080 3279 1147 3286 —
1179 3248 1391 3318 coepit]
1423 3248 1558 3316 quia
1586 3247 1709 3316 ipse
1748 3249 1806 3301 et
1841 3246 1961 3299 filia
1997 3245 2319 3300 inciderant

279 3319 346 3371 in
373 3317 707 3372 iocularium
736 3320 841 3387 (-1·e
869 3318 937 3387 S)
968 3317 1198 3384 malum,
1226 3319 1332 3373 hoc
1361 3318 1490 3371 est
1473 3336 1533 3371 1n
1562 3318 1851 3386 publicam
1887 3317 2202 3372 irrisionem
2233 3338 2270 3370 α
2297 3319 2314 3386 ΙΙ

284 3394 355 3443 13
394 3390 523 3461 cvm]
562 3405 732 3457 quam
770 3390 905 3455 FG,
944 3406 1045 3443 om.
1076 3390 1120 3444 S
1177 3392 1195 3458 ΙΙ
1262 3396 1327 3442 14
1376 3390 1791 3443 accusationem
1832 3388 2079 3457 positam
2115 3390 2267 3443 codd.
2298 3391 2321 3457 st

285 3467 355 3515 18
394 3463 468 3516 sit
507 3463 584 3527 L3
621 3463 702 3516 sic
737 3468 787 3515 et
821 3462 978 3529 iufra
1013 3464 1091 3515 20
1117 3464 1135 3529 ΙΙ
1165 3466 1231 3513 20
1269 3461 1445 3532 mens]
1485 3460 1696 3514 efficias
1727 3462 1788 3514 F
1809 3463 1896 3529 (=
1925 3462 2062 3528 Ter.)
2096 3463 2103 3528 Ι
2135 3462 2312 3532 vaus]

283 3534 445 3603 cupis
465 3535 626 3602 F(=
655 3534 772 3587 Ter.
785 3533 936 3586 codd.
956 3540 1173 3601 praeter
1189 3532 1301 3597 D²;
1333 3534 1402 3599 cf.
1424 3534 1593 3600 Dou.)
1623 3535 1642 3600 ΙΙ
1670 3538 1736 3585 23
1767 3532 1882 3602 uel]
1912 3548 2016 3586 nec
2035 3533 2280 3601 Schopen
2297 3534 2318 3598 ΙΙ

283 3610 355 3658 24
356 3552 493 3659 pilla
523 3607 720 3675 aperta
750 3604 867 3658 FG
896 3606 913 3673 ΙΙ
943 3610 1008 3656 26
1040 3605 1209 3675 Qvon]
1238 3607 1304 3658 ut
1341 3605 1456 3658 Ter.
1492 3607 1499 3673 Ι
1533 3604 1621 3657 cui
1651 3603 1931 3675 (utique)
1962 3605 2023 3657 F
