2661 3940
442 216 572 280 226
1011 215 1390 277 EVGRAPHI
1427 213 1901 270 COMMENTVM

443 384 734 443 laterem
770 386 1053 443 lauare:
1100 386 1269 444 citius
1298 384 1451 443 enim
1476 386 1917 457 nonpuriorem
1944 384 2185 444 laterem
2211 384 2477 444 lauando

278 477 409 533 188
443 474 760 542 reddimus
807 475 908 532 sed
943 476 1138 546 ipsum
1174 474 1412 533 laterem
1448 474 1770 546 perdimus,
1810 506 1893 514 —
1934 465 2019 532 ll
2062 480 2194 533 ΝΛΜ
2230 492 2475 540 Ansam

445 582 517 621 Eo
561 561 744 620 ESSi-:T
797 580 940 620 nam
995 564 1048 621 si
1100 562 1262 621 istud
1317 562 1542 620 malum
1589 562 1714 622 sine
1760 561 2103 639 Antiphone
2151 567 2325 638 esset,
2372 563 2473 622 do-

278 654 407 711 189
443 653 675 730 minum
712 670 910 709 meum
946 670 1014 712 ac
1050 671 1158 710 me
1181 651 1594 711 tantummodo
1632 652 1976 710 contineret.
2010 684 2092 693 —
2136 643 2224 710 12
2264 671 2479 710 FAGJLE

443 760 556 799 mo
609 759 755 810 mm
802 758 911 798 PRO
924 758 1200 799 VIMSSEM
1247 760 1325 800 m·
1377 757 1548 800 sams
1604 758 1793 798 ESSEM
1835 758 2030 800 vmvs
2085 758 2476 801 memus(
2530 761 2553 801 5

442 831 600 889 ultus
644 830 757 888 hoc
801 848 982 904 more,
1038 819 1178 891 dum
1225 829 1457 904 aliquid
1504 830 1895 904 sustulissem,
1941 830 2094 903 quod
2143 831 2292 889 dixit
2339 826 2475 888 ‘ali-

445 919 587 995 quid
634 919 1036 979 conuasissem
1083 923 1136 976 et
1177 936 1268 977 me
1300 920 1578 992 protinus
1623 921 1937 978 conicerem
1982 921 2047 977 in
2099 914 2303 992 pedes'
2360 921 2476 978 hoc

444 1012 534 1068 est
580 1008 895 1086 fugissem:
941 1007 1222 1066 discessio
1270 1007 1491 1066 etenim
1528 1007 1961 1082 quodammodo
1998 1007 2150 1067 ultio
2188 1012 2279 1067 est
2317 1008 2476 1067 circa

442 1097 684 1171 inultos,
738 1100 808 1155 ut
863 1095 1315 1174 Pygmalionem
1378 1096 1508 1154 ulta
1573 1096 1728 1155 Dido
1796 1096 2089 1174 confugit,
2144 1115 2275 1156 cum
2336 1098 2478 1156 dicit

279 1190 406 1245 194
445 1187 650 1261 (Very.
683 1184 832 1244 Aen.
860 1186 965 1243 IV
1004 1179 1160 1266 656)
1202 1181 1353 1245 ‘ulta
1388 1180 1628 1244 uirum'.
1671 1217 1746 1228 —-
1798 1178 1882 1244 17
1934 1204 2148 1244 Deum
2186 1205 2290 1245 [ΒΕ
2336 1205 2473 1245 PER·
2502 1209 2555 1247 10

448 1295 573 1334 em
614 1294 705 1333 IBI
746 1293 1059 1333 PLVRIMVM
1107 1292 1218 1333 EST
1266 1278 1659 1333 necessarium
1714 1279 1811 1343 est,
1868 1276 2020 1348 quod
2072 1275 2193 1335 illic
2244 1275 2354 1334 illa
2398 1277 2478 1334 sit

280 1367 405 1422 199
445 1382 621 1438 quam
675 1364 877 1436 diliqit.
917 1396 1000 1405 —
1061 1355 1151 1420 ‘22
1211 1380 1361 1430 QVID
1416 1381 1514 1422 AIs
1568 1382 1750 1425 vas
1806 1382 2053 1422 PATREM
2109 1383 2341 1422 VJDJSSE
2390 1383 2479 1422 m:

444 1471 736 1512 PATRVVM
773 1470 941 1512 'rvvu
979 1470 1318 1527 expressum
1356 1452 1504 1510 bene
1543 1455 1650 1526 est,
1690 1453 1849 1528 quod
1883 1453 1987 1511 ifle
2026 1455 2133 1528 qui
2169 1454 2475 1512 metuebat

442 1543 619 1612 facile
667 1542 847 1599 etiam
894 1542 1200 1620 intelligit,
1249 1541 1407 1616 quod
1463 1541 1827 1600 sermonibus
1881 1561 2002 1601 non
2046 1543 2244 1601 fuerat
2288 1542 2474 1619 expli-

444 1634 662 1704 catum,
719 1632 959 1689 econtra
1013 1632 1066 1688 is
1114 1631 1222 1705 qui
1277 1630 1507 1689 alienus
1564 1650 1600 1689 a
1652 1634 1816 1689 metu
1870 1631 2070 1690 fuerat
2121 1632 2475 1708 interrogat,
2502 1652 2554 1693 15

444 1720 589 1795 quid
632 1719 785 1777 illud
833 1718 925 1778 sit.
981 1723 1223 1779 econtra
1260 1739 1473 1795 parum
1519 1719 1883 1798 intelligenti
1930 1722 2306 1797 congeminat
2345 1740 2472 1779 sen-

445 1829 592 1882 sum,
623 1827 755 1867 cum
785 1806 931 1868 dicit
960 1803 1216 1884 ‘patrem
1243 1809 1423 1867 huius
1451 1827 1541 1868 me
1567 1811 1805 1883 uidisse,
1834 1813 2117 1885 patruum
2145 1806 2360 1868 tuum’.
2386 1841 2474 1849 —

276 1901 409 1957 202
449 1890 540 1957 24
589 1915 740 1955 ERGO
785 1915 991 1956 ISTAEG
1029 1902 1161 1966 'CVM
1206 1916 1311 1956 ITA
1351 1916 1487 1957 sm'r
1525 1916 1794 1957 ΑΝΤῙΡΗΟ
1832 1917 1911 1956 AD
1925 1895 2199 1956 VIGILARE
2234 1917 2482 1963 AEQVVM

446 2007 556 2046 EST
617 2005 823 2045 FORTIS
887 2007 1154 2047 FORTVNA
1218 2006 1486 2046 ADJVVAT
1536 1988 1900 2062 exhortatur,
1950 1991 2018 2046 ut
2072 1989 2217 2048 forti
2274 1990 2474 2047 animo

445 2078 541 2151 sit,
589 2080 650 2135 et
695 2095 812 2151 quo
859 2080 1052 2136 maius
1097 2077 1431 2154 periculum
1479 2082 1576 2146 cst,
1617 2079 1770 2151 quod
1805 2076 2095 2151 imminet,
2130 2078 2243 2136 hoc
2279 2079 2475 2154 magis
2503 2099 2555 2138 ιο

447 2166 659 2226 debeat
704 2165 1053 2244 aduigilare.
1098 2168 1276 2226 simul
1314 2168 1367 2225 ei
1401 2183 1559 2241 spem
1595 2167 1886 2225 meliorem
1910 2168 2187 2240 promisit
2231 2162 2476 2226 dicendo

276 2256 407 2315 205
449 2252 640 2329 ‘fortis
693 2257 934 2329 fortuna
989 2250 1277 2315 adiuuat’.
1315 2287 1405 2296 —
1454 2248 1543 2313 27
1602 2274 1734 2313 ΝΛΜ
1789 2272 1844 2313 SI
1891 2274 1968 2313 ΤΕ
2024 2274 2293 2315 Τιιιιυνιι
2342 2274 2479 2314 SEN-

449 2363 621 2402 SERJT
665 2363 849 2402 PATER
895 2363 1042 2402 ESSE
1077 2364 1431 2403 ARBITRABIT
1440 2363 1509 2402 VR
1549 2363 1780 2402 conum
1792 2363 1956 2402 VJSSE
1993 2363 2227 2402 cnam
2258 2345 2480 2404 adiecit

448 2434 524 2491 ad
562 2433 1025 2492 consolationem
1065 2436 1251 2492 animi
1287 2435 1471 2493 etiam
1509 2451 1778 2492 causam:
1819 2428 1894 2492 ‘si
1932 2433 2089 2492 enim
2126 2434 2299 2510 pater
2336 2437 2478 2493 tuus

444 2526 505 2580 te
551 2522 826 2580 timidum
876 2541 999 2582 esse
1047 2524 1410 2599 cognouerit,
1457 2525 1737 2581 continuo
1786 2524 2023 2598 culpam
2068 2524 2132 2580 in
2176 2526 2236 2581 te
2283 2524 2479 2582 inesse
2507 2544 2555 2584 2⁵

277 2614 410 2671 209
448 2607 802 2688 cognoscet'.
848 2644 922 2652 —
967 2603 1054 2670 31
1109 2630 1258 2678 va
1304 2628 1410 2670 mc
1453 2628 1839 2670 comnmuvs
1881 2630 2114 2669 omnm
2147 2628 2294 2677 cmv
2325 2631 2479 2670 ΑΒΕο

448 2719 580 2758 cum
625 2719 837 2775 parum
886 2701 1148 2759 crederet
1193 2720 1253 2760 se
1301 2699 1611 2776 perficere,
1641 2701 1734 2758 uti
1779 2701 2042 2758 animum
2099 2700 2482 2760 confirmaret

447 2789 826 2864 AntiphoniS,
890 2789 1207 2848 minitatur
1266 2790 1616 2848 discessum:
1680 2807 1797 2862 qua
1851 2807 1915 2848 re
1968 2789 2065 2848 illc
2123 2793 2364 2849 territus
2418 2809 2480 2848 sc

278 2880 409 2938 213
448 2881 769 2950 confirmat.
798 2910 888 2919 —
926 2870 1015 2937 35
1057 2896 1378 2937 PROTELET
1414 2879 1538 2937 tela
1574 2880 1637 2935 in
1675 2881 1736 2936 te
1772 2879 2115 2953 frequenter
2155 2878 2476 2938 uerborum

629 3035 657 3083 1
681 3030 846 3084 citius
865 3037 929 3085 ut
945 3031 1054 3085 vid.
1077 3032 1146 3095 L,
1170 3032 1300 3084 cute
1323 3029 1482 3095 G‚J1-1
1502 3037 1567 3085 ut
1583 3030 1694 3084 vid.
1717 3030 1814 3100 Fu
1845 3035 1875 3082 2
1895 3046 2028 3084 nam
2048 3022 2432 3154 (ᾳιιῖῗοοάᾶ.
2462 3032 2479 3101 Η

449 3107 482 3154 4
502 3101 729 3172 facile<
692 3101 766 3172 <e
786 3102 1092 3173 (essetF)>
1114 3073 1230 3155 I'JF
1250 3103 1269 3170 ΙΙ
1298 3105 1330 3153 9
1351 3101 1496 3172 ulta]
1516 3100 1700 3156 inulta
1718 3102 1788 3167 L,
1806 3033 1991 3154 'multa
2012 3101 2105 3155 Γᾶ
2136 3104 2146 3169 Ι
2228 3101 2325 3155 ido
2348 3119 2479 3156 con·

447 3173 570 3242 fugi
512 3173 624 3310 gig]
652 3173 722 3227 de
750 3172 872 3227 loco
900 3173 1097 3243 fugit(
1098 3173 1218 3226 tido
1247 3179 1375 3228 ante
1404 3172 1472 3225 de
1502 3173 1629 3226 add.
1656 3172 1727 3241 G)
1746 3174 1900 3227 codd
1929 3175 1947 3240 ΙΙ
1978 3179 2041 3227 11
2073 3171 2198 3244 illa]
2218 3172 2367 3226 illud
2392 3175 2471 3244 G!

451 3245 526 3298 sit
654 3246 742 3298 est
769 3245 885 3298 LF
905 3246 924 3312 ΙΙ
954 3250 1018 3297 12
1040 3246 1233 3316 quam]
1265 3244 1416 3313 quod
1445 3244 1556 3298 LG
1582 3245 1600 3312 ΙΙ
1631 3249 1695 3297 12
1715 3259 1805 3297 me
1838 3244 2049 3298 uidisse
2071 3246 2122 3299 L
2142 3246 2230 3314 (cf.
2254 3247 2434 3314 infra)
2461 3246 2480 3316 ΙΙ

453 3322 518 3367 15
549 3318 605 3368 et
635 3317 830 3368 contra
857 3316 1027 3378 codd.-
1056 3317 1136 3370 sic
1160 3322 1211 3373 et
1242 3321 1325 3381 16,
1366 3316 1463 3370 ubi
1492 3331 1639 3384 ergo
1652 3316 1954 3371 Lindcnbr.
1990 3318 2011 3384 ΙΙ
2050 3320 2115 3368 17
2144 3331 2235 3368 me
2263 3316 2479 3370 uidisse

451 3385 577 3444 ante
605 3402 732 3438 cum
760 3386 900 3440 dicit
918 3386 1034 3440 LF
1065 3387 1083 3458 Η
1121 3392 1188 3440 20
1217 3385 1485 3457 (magis)
1514 3385 1827 3454 periculum
1853 3386 2036 3440 maius
2066 3389 2100 3457 β
2126 3388 2146 3455 ΙΙ
2175 3391 2239 3439 21
2273 3388 2480 3441 debeat

452 3453 658 3509 Zeune:
698 3456 866 3510 debet
903 3460 982 3525 (et
1019 3458 1147 3511 add.
1183 3458 1252 3525 G)
1281 3458 1436 3512 codd.
1468 3460 1477 3525 Ι
1512 3457 1677 3510 simul
1715 3457 2026 3529 (quoque)
2059 3458 2111 3511 G
2155 3459 2174 3525 ΙΙ
2220 3463 2288 3511 23
2329 3458 2475 3512 arbi-

454 3522 635 3580 tratur
678 3527 831 3578 codd.
904 3529 921 3598 Η
988 3534 1055 3582 24
1104 3529 1177 3582 ad
1224 3528 1497 3596 om.G.1
1539 3528 1713 3581 etiam
1761 3531 1994 3588 Zeunc.
2024 3530 2081 3582 et
2134 3527 2207 3581 ad
2259 3531 2414 3585 codd.
2460 3532 2478 3598 ΙΙ

456 3595 523 3640 25
563 3605 680 3644 esse
706 3596 820 3653 Fa
863 3580 883 3667 ΙΙ
928 3605 1002 3655 26
1035 3600 1323 3669 cognoscit
1351 3599 1463 3654 LG
1497 3601 1516 3668 ΙΙ
1554 3604 1635 3655 29
1658 3599 1956 3653 uerborum
1983 3607 2194 3670 transp.
2225 3608 2356 3655 ante
2380 3600 2479 3654 in?
