2661 3940
405 244 536 308 242
980 242 1357 299 EVGRAPHI
1395 241 1868 297 COMMENTVM

405 417 472 470 ut
523 413 669 472 haec.
717 431 851 472 cum
905 411 1061 471 bona
1116 413 1315 489 gratia
1369 428 1798 485 componamus,
1842 428 1957 469 non
2005 412 2167 470 mala
2197 429 2314 485 per
2359 414 2447 469 in-

237 505 370 561 623
407 503 625 560 iuriam
673 506 843 574 atque
888 499 1082 560 litem?
1123 533 1211 563 —„—-
1262 493 1351 559 18
1400 519 1553 561 Envs
1592 517 1915 558 LmnRAms
1961 518 2076 559 Es'r
2125 502 2267 576 quia
2314 519 2448 576 per-

410 608 689 650 suasurus
735 590 1083 649 Phormioni
1130 590 1357 664 aliquid
1402 594 1508 664 est,
1553 589 1748 664 primo
1794 594 2081 648 terrorem
2117 590 2310 664 inicit,
2349 589 2446 647 de-

407 680 545 739 inde
600 679 911 738 blanditur
966 679 1039 738 ab
1095 679 1250 753 utili,
1307 698 1441 738 cum
1496 679 1643 737 dicit
1691 674 1987 736 ‘dominus
2034 679 2299 738 liberalis
2339 681 2446 756 est,

409 770 513 845 qui
565 768 743 827 facile
799 768 1019 828 donare
1073 769 1265 845 possit
1320 773 1373 829 et
1426 767 1552 826 lites
1599 763 1841 841 fugere'.
1907 769 2207 826 subiwnaeit
2261 771 2316 826 et
2368 785 2446 825 an
2501 788 2528 827 5

408 857 537 917 fieri
593 857 800 933 possit,
858 878 927 915 ex
985 857 1344 916 auctoritate
1399 857 1723 915 multorum
1774 856 1931 932 quod
1979 857 2195 932 expelli
2240 857 2449 932 puella

244 949 371 1006 626
409 949 623 1023 potest.
670 979 759 988 —
815 939 899 1004 21
961 964 1109 1012 va
1164 965 1270 1005 mc
1336 964 1616 1006 COEPTAT
1683 945 1861 1004 aliter
1926 947 2222 1022 accipiens
2288 947 2450 1007 serui

410 1035 722 1096 consilium
752 1036 1021 1111 Antipho
1050 1036 1346 1093 irascitur.
1369 1067 1453 1075 —
1483 1054 1564 1094 AN
1594 1052 1855 1094 Lnemvs
1883 1053 2180 1096 DATVRVM
2207 1054 2446 1095 POENAS

409 1143 591 1184 mons
642 1142 697 1182 si
741 1143 934 1183 ILLAM
981 1142 1268 1183 amemur
1315 1143 1428 1196 IAM
1474 1143 1540 1182 ID
1587 1142 2001 1184 EXPLORATVM
2046 1143 2161 1184 Es'r
2206 1142 2448 1200 respon-

410 1214 498 1273 sio
556 1234 625 1271 ex
681 1215 809 1273 sola
864 1215 1255 1289 promissione
1321 1215 1428 1286 est,
1482 1215 1586 1271 hoc
1641 1218 1723 1271 est
1778 1208 1919 1272 ‘non
1973 1213 2035 1270 id
2099 1215 2447 1272 metuimus:
2476 1233 2532 1273 ιο

410 1303 693 1361 habemus
750 1302 907 1361 enim
962 1304 1187 1361 certum
1243 1297 1596 1361 consilium'.
1663 1304 1800 1377 post
1857 1304 2265 1376 quaestionem
2321 1302 2450 1361 sola

413 1391 803 1467 promissione
842 1391 1196 1450 dissolutam
1231 1393 1435 1467 terret,
1465 1410 1584 1467 quo
1614 1391 1850 1449 facilius
1878 1392 2235 1467 persuadeat
2262 1391 2449 1449 Phor·

246 1482 374 1540 628
409 1482 597 1540 mioni
654 1472 744 1538 23
795 1496 1052 1540 svnAms
1100 1497 1271 1539 smus
1320 1498 1378 1539 SI
1426 1499 1557 1539 CVM
1596 1499 1728 1538 azo
1777 1499 2026 1538 coEPrAs
2069 1499 2311 1540 HOMINE.
2363 1514 2447 1521 —

246 1572 372 1628 630
414 1562 505 1628 25
582 1589 687 1627 VER
700 1588 775 1626 VM
826 1588 977 1627 PONE
1028 1587 1175 1626 ESSE
1238 1588 1457 1628 VICTVM
1506 1572 1733 1628 ctiam-si
1787 1571 2088 1628 contraria
2152 1569 2452 1628 efficiatur

413 1661 634 1718 euentu
687 1661 817 1716 tota
874 1659 1181 1732 persuasio
1235 1663 1296 1717 et
1352 1659 1528 1716 facile
1583 1660 1862 1717 uincatur
1905 1659 2211 1731 Demiphm
2257 1678 2449 1733 poena
2478 1678 2531 1718 ιε

413 1749 697 1824 pecuniae
741 1750 848 1820 est,
883 1765 1002 1805 non
1038 1749 1259 1822 capitia
1297 1748 1409 1807 hoc
1448 1750 1563 1806 est:
1605 1748 1984 1806 condemnari
2021 1747 2259 1823 poterit,
2297 1748 2452 1819 quod

415 1839 661 1912 effecerit
708 1839 759 1894 et
802 1837 1081 1895 liberatus
1129 1839 1251 1903 erit,
1301 1836 1403 1895 sed
1448 1838 1797 1912 pecuniaria
1842 1839 1960 1895 ista
2006 1835 2198 1894 multa
2244 1835 2451 1895 futura

249 1928 376 1985 633
415 1929 520 2006 est,
566 1943 683 1984 reon
737 1926 950 1984 meruit
995 1926 1332 1985 eiectionem.
1379 1956 1468 1967 -—
1524 1918 1615 1985 28
1674 1943 1822 1992 QVID
1878 1944 1972 1985 VIS
2020 1944 2171 1984 DARI
2219 1944 2346 1984 ΤΙΒῙ
2387 1946 2456 1984 [Ν

414 2034 630 2075 MANVM
679 2035 755 2072 ER
769 2034 834 2072 Vs
899 2034 968 2073 VT
1018 2033 1123 2073 st
1166 2033 1452 2073 DEszsrAT
1503 2034 1738 2078 LITIBVS
1798 2015 1909 2074 hoc
1957 2018 2093 2075 'estz
2159 2020 2451 2091 quantam

413 2106 728 2185 pecuniam
780 2106 846 2162 in
895 2106 1195 2177 praesenti
1260 2104 1525 2178 accipere
1585 2104 1700 2179 uis,
1752 2107 1822 2161 ut
1876 2103 2148 2162 dominus
2204 2106 2279 2163 ab
2335 2105 2450 2164 hac
2479 2125 2536 2166 so

250 2196 378 2251 640
415 2195 521 2252 lite
569 2191 875 2252 discedat?
922 2226 1008 2233 —
1057 2186 1147 2251 35
1208 2212 1355 2251 [mro
1400 2211 1523 2252 NON
1570 2211 1793 2252 Po'rvrr
1841 2210 2065 2251 unmvs
2113 2213 2224 2251 PER
2237 2213 2456 2252 VENJEE

417 2302 489 2341 Eo
538 2301 647 2347 Qvo
693 2301 805 2341 Nos
860 2302 960 2339 νοι
973 2300 1125 2340 VMVs
1171 2280 1446 2341 Chremes
1494 2283 1710 2357 arripit
1756 2282 2086 2357 consilium,
2128 2281 2286 2357 quod
2324 2284 2451 2342 suis

418 2371 741 2431 commodis
788 2373 995 2446 prosit,
1050 2372 1142 2428 uti
1190 2372 1425 2430 exclusa
1472 2372 1593 2429 ista
1636 2373 1828 2446 possit
1871 2372 2061 2430 filiam
2115 2390 2283 2430 suam
2334 2373 2451 2431 De-

253 2462 381 2519 642
416 2461 716 2536 miphonis
754 2459 878 2517 filio
919 2460 1221 2519 collocare.
1264 2493 1348 2500 —
1399 2453 1486 2518 37
1537 2478 1727 2519 PRIMO
1764 2479 1937 2520 ΗοΜο
1977 2479 2297 2520 INSANIBAT
2333 2471 2452 2535 quo

415 2550 652 2608 facilius
700 2548 1071 2624 persuadeat,
1118 2568 1410 2608 summam
1456 2549 1784 2608 necessario
1823 2550 1970 2608 dicit
2004 2551 2289 2609 maiorem
2329 2553 2453 2626 pri-
2483 2571 2537 2611 2⁵

246 2640 379 2696 -643
417 2658 513 2698 mo
569 2638 838 2713 petitam.
892 2669 968 2679 —
1031 2631 1120 2697 38
1178 2657 1385 2696 LIBVIT
1440 2639 1552 2696 hoc
1609 2642 1723 2697 est:
1790 2641 2081 2714 quantum
2143 2641 2196 2697 ei
2250 2639 2453 2715 libuit,

418 2728 570 2801 quod
616 2727 842 2786 libitum
890 2729 940 2785 ei
984 2729 1207 2799 factum
1255 2733 1352 2796 est,
1399 2730 1634 2785 tantum
1684 2727 2031 2802 postulauit.
2073 2760 2157 2768 —
2207 2746 2263 2786 SI
2310 2746 2454 2793 Qws

418 2836 652 2876 DARET,
690 2835 1020 2876 TALENTVM
1085 2810 1394 2875 MAGNvm*
1456 2818 1508 2874 si
1564 2815 1780 2887 aliquis
1836 2836 2115 2890 maynum
2170 2818 2456 2894 talentum

420 2986 603 3059 oc*[28]
643 2984 881 3040 dicendo
925 2986 1234 3055 ‘magnum'
1275 2984 1463 3038 innuit
1506 2984 1748 3040 tacendo
1798 3001 1918 3039 esse
1965 2990 2022 3049 et
2057 2986 2258 3042 minus,
2316 3002 2455 3040 nam

642 3057 825 3110 maius
866 3057 1204 3125 appenditur
1241 3055 1385 3110 CXX
1421 3056 1596 3109 libris,

601 3206 629 3252 2
671 3199 808 3267 quia
845 3216 946 3253 om.
977 3201 997 3253 l
1023 3201 1041 3267 ΙΙ
1072 3203 1102 3250 3
1133 3201 1218 3252 est
1246 3206 1373 3253 ante
1399 3198 1726 3253 Phormioni
1756 3220 1794 3253 α
1825 3202 1833 3268 Ι
1865 3201 2134 3253 terrorem
2162 3241 2175 3254 .
2198 3241 2209 3253 .
2233 3240 2245 3254 .
2277 3203 2457 3268 atque

419 3271 583 3324 inicit
618 3273 683 3338 lu
711 3275 744 3323 4
784 3271 933 3340 cum]
974 3270 1017 3322 δι
1058 3271 1179 3338 11Ιὸ
1220 3270 1418 3324 donari
1457 3291 1493 3323 α
1526 3273 1532 3339 Ι
1566 3274 1757 3339 posset
1800 3272 1867 3338 G,
1901 3274 2089 3340 potest
2125 3273 2146 3324 l
2178 3274 2184 3340 Ι
2219 3271 2456 3324 subiun-

419 3342 504 3393 xit
541 3345 598 3394 et
628 3344 738 3397 W.:
779 3359 836 3394 se
866 3341 1061 3394 namo
1092 3343 1125 3406 l,
1165 3343 1293 3395 sene
1322 3341 1468 3394 iuxit
1495 3344 1553 3395 et
1586 3342 1637 3397 G
1664 3345 1682 3413 ΙΙ
1713 3348 1742 3398 7
1775 3345 1971 3411 Epetat
1998 3363 2050 3407 α,
2081 3344 2327 3410 temptat
2357 3343 2407 3397 G
2438 3345 2458 3412 ΙΙ

427 3416 490 3461 14
512 3412 790 3466 contrario
808 3432 845 3465 α
877 3414 885 3480 Ι
918 3411 1198 3466 efficiatur
1216 3413 1251 3480 l,
1273 3411 1516 3466 efficitur
1535 3414 1601 3479 G,
1618 3417 1768 3483 (post
1787 3415 2012 3482 euentu)
2028 3433 2067 3467 oc
2092 3415 2111 3482 ΙΙ
2143 3418 2206 3465 15
2229 3416 2287 3467 et
2303 3417 2457 3482 (post

424 3478 610 3547 facile)
630 3483 667 3545 l,
687 3485 751 3535 ut
771 3503 807 3535 α
832 3483 836 3554 Ι
862 3500 1103 3551 poenam
1123 3483 1395 3552 pecuniae
1416 3500 1534 3537 esse
1557 3487 1608 3556 β,
1628 3501 1813 3553 poena
1831 3484 2102 3553 pecuniae
2123 3505 2160 3537 α
2189 3493 2205 3549 n
2237 3490 2301 3537 17
2335 3486 2451 3539 eie-

428 3548 607 3627 cei-it?
639 3554 647 3618 Ι
680 3553 800 3622 sed]
831 3593 843 3606 .
866 3594 879 3606 .
903 3594 916 3607 .
937 3556 973 3619 l,
1001 3571 1101 3608 om.
1137 3555 1187 3608 G
1220 3559 1226 3623 1
1260 3554 1521 3608 multatio
1551 3576 1588 3608 α
1617 3558 1635 3625 ΙΙ
1664 3562 1730 3610 22
1760 3556 1869 3608 fuit
1896 3556 2200 3613 commodis
2230 3557 2265 3622 l,
2300 3572 2453 3609 com-

427 3616 643 3670 modius
682 3641 718 3672 α
745 3623 763 3688 ΙΙ
792 3628 857 3675 26
897 3624 949 3676 ei
977 3642 1076 3679 om.
1112 3626 1162 3679 G
1191 3628 1209 3695 ΙΙ
1251 3632 1315 3679 27
1348 3628 1572 3680 tantum
1601 3644 1700 3680 om.
1735 3627 1786 3681 G
1812 3629 1830 3696 ΙΙ
1858 3633 1925 3680 28
1955 3626 2173 3694 aliquid
2202 3626 2364 3699 (an)
2399 3628 2455 3681 G
