2661 3940
442 223 570 287 162
942 256 946 259 »
1009 216 1385 276 EVGRAPHI
1424 220 1895 275 COMMENTVM

311 396 398 453 80
434 396 653 452 terrere
710 395 770 450 et
824 411 1117 451 reuocare.
1166 425 1253 442 ——.—
1303 384 1394 453 28
1452 410 1590 449 Mun
1647 408 1739 449 SIC
1796 405 1910 448 Es'r
1974 404 2125 450 vsvs
2181 389 2328 448 mihi
2389 389 2479 450 sic

312 485 399 542 86
437 481 689 558 expedit.
720 514 807 522 --
848 474 939 541 34
979 500 1099 540 Avr
1140 499 1547 540 consonAnno
1586 499 1707 539 Av'r
1748 497 2031 539 ooxsnno
2079 498 2200 540 Av'r
2253 500 2332 538 RE
2383 499 2476 539 Ιν-

436 590 596 631 vERo
645 571 897 646 apponit
942 589 1171 645 causaS,
1218 590 1323 630 cur
1371 571 1566 629 aliena
1606 570 1981 629 incommoda
2019 589 2227 628 curare
2265 570 2474 627 uidea-

435 664 551 718 tur.
602 654 755 719 ‘hoc'
804 660 1004 735 inquit
1044 655 1226 734 ‘quod
1261 661 1586 735 interrege,
1631 660 1898 734 proderit
1942 659 2081 717 tibi:
2138 662 2244 717 aut
2290 660 2476 732 enim,

436 749 659 827 grande
714 749 943 806 malum
1000 744 1138 826 (si)
1187 750 1293 823 est,
1352 748 1755 808 consolatione
1811 753 1870 807 te
1922 749 2210 806 adiuuero
2256 743 2477 824 (aut),
2532 767 2555 807 5

437 840 488 897 si
535 837 841 896 subueniri
885 841 1099 913 potest,
1155 858 1215 895 re
1265 833 1594 896 adiuuero'.
1644 838 1732 896 ita
1776 838 1919 896 boni
1975 837 2147 896 amici
2198 837 2476 895 ordinem
2596 835 2597 850 ¹

312 931 396 988 87
437 927 778 1003 custodiuit,
824 930 896 985 ut
943 926 1143 985 credat
1190 946 1250 985 se
1290 927 1491 1001 aliquo
1529 928 1705 985 modo
1743 926 2034 1001 prodesse.
2076 959 2159 967 —
2200 918 2291 983 35
2342 945 2475 985 HAG

437 1035 673 1082 QVIDEM
722 1034 920 1075 CAVSA
968 1034 1091 1082 QVA
1127 1035 1262 1074 DIXI
1299 1035 1425 1074 'mm
1463 1018 1748 1091 quoniam
1785 1016 2162 1074 Menedemus
2200 1017 2477 1074 tantum-

436 1106 609 1164 modo
655 1105 808 1163 illud
854 1108 1152 1181 posuerat,
1198 1104 1292 1163 uti
1339 1105 1561 1164 diceret
1601 1100 1772 1164 ‘scire
1809 1104 1921 1163 hoc
1957 1106 2052 1164 uis
2069 1100 2142 1178 ?’‚
2188 1104 2291 1162 ille
2332 1122 2475 1162 con-

435 1196 606 1253 tinuo
652 1194 996 1270 repudiauit
1042 1213 1299 1269 causam,
1347 1198 1417 1253 ut
1463 1195 1684 1253 diceret
1733 1189 1875 1252 ‘non
1920 1214 2046 1251 rem
2085 1194 2259 1269 cupio
2299 1193 2475 1268 scire,
2508 1215 2554 1253 ιο

437 1283 537 1341 sed
601 1284 713 1341 hac
778 1302 956 1342 causa
1022 1283 1170 1341 scire
1236 1285 1430 1359 cupio,
1477 1303 1596 1360 qua
1661 1283 1783 1340 dixi
1847 1283 1978 1359 tibi,
2043 1286 2112 1341 ut
2167 1285 2272 1341 aut
2330 1302 2475 1342 con-
2594 1277 2597 1330 l

437 1371 618 1431 solari
662 1375 722 1430 te
767 1372 990 1447 possim
1038 1375 1143 1431 aut
1189 1373 1436 1432 consilio
1484 1376 1591 1431 aut
1635 1392 1699 1430 re
1745 1371 2029 1431 adiuuare
2075 1367 2341 1447 possim'.
2382 1404 2476 1412 --

316 1464 398 1520 93
438 1453 520 1521 41
581 1479 792 1519 FILIVM
846 1479 970 1520 Eeo
1027 1478 1598 1521 ADVLESCENTVLVM
1655 1480 1859 1520 HABEo
1914 1461 2011 1520 hic
2064 1463 2330 1520 narratio
2378 1462 2473 1519 in-

317 1553 401 1609 96
439 1552 602 1625 cipit,
659 1570 763 1609 cur
815 1568 876 1609 se
922 1570 1095 1610 senex
1150 1552 1382 1626 puniat.
1433 1583 1516 1590 —
1566 1543 1659 1608 44
1722 1570 1834 1609 Esr
1890 1570 1928 1608 E
1987 1569 2298 1609 commo
2360 1569 2474 1609 mo

438 1658 687 1700 ADVENA
732 1658 887 1698 ANVS
935 1658 1340 1699 PAVPERCVLA
1396 1643 1456 1698 et
1500 1642 1647 1699 haec
1701 1641 1967 1698 narratio
2017 1642 2107 1698 est
2144 1640 2222 1698 ad
2265 1659 2472 1715 perso·
2506 1660 2551 1700 15
2590 1634 2598 1691 Ι

436 1747 575 1786 nam
598 1750 601 1753 ·
624 1728 1040 1787 declarandam
1090 1731 1218 1788 eius
1265 1730 1550 1804 mulieris,
1599 1748 1748 1804 quae
1797 1728 2062 1804 puellam
2097 1728 2242 1787 tulit
2278 1728 2474 1802 illam,
2590 1732 2598 1748 ⁴

438 1837 589 1893 quae
656 1815 983 1876 Chremetis
1041 1818 1168 1876 fflia
1233 1822 1338 1876 est.
1415 1838 1566 1894 quae
1630 1819 1985 1895 interposita
2060 1817 2326 1876 narratio
2395 1818 2474 1876 ad

315 1910 398 1965 99
435 1906 602 1964 illam
660 1907 1021 1983 superiorem
1078 1907 1458 1986 coniungitur
1513 1912 1571 1966 et
1618 1907 1967 1966 adnectitur.
2008 1939 2092 1947 -—
2142 1899 2231 1964 47
2285 1923 2475 1965 coEPI

436 2015 559 2056 NON
605 2015 957 2056 HVMANITVS
1005 2015 1208 2062 NEQVE
1256 2016 1336 2056 vr
1384 2016 1610 2056 DEovrr
1666 2016 1905 2056 ANIMVM
1959 2014 2476 2056 ADVLESCEN'rvm

438 2104 762 2143 TRACTARE
827 2085 924 2144 hic
986 2087 1108 2145 iam
1166 2105 1226 2145 se
1287 2086 1505 2162 arguit,
1571 2087 1738 2162 quodv
1796 2088 1954 2145 iuste
2015 2086 2086 2143 de
2143 2105 2202 2145 se
2266 2087 2475 2164 exigat
2503 2060 2598 2145 20¹

437 2193 673 2249 poenas,
736 2175 1049 2250 siquidem,
1105 2195 1239 2235 cum
1285 2175 1810 2234 animaduertisset
1855 2174 2045 2233 filium
2092 2194 2291 2233 amare
2339 2196 2474 2234 mu-

437 2264 659 2337 lierem,
703 2281 822 2321 non
866 2264 1125 2323 humano
1171 2265 1348 2324 modo
1394 2283 1602 2340 neque,
1650 2265 1742 2323 uti
1782 2264 1997 2338 decuit,
2035 2263 2475 2324 adulescentuli
2584 2234 2598 2343 l

440 2354 704 2411 animum
759 2354 843 2412 sic
897 2354 1203 2430 tractauit,
1261 2353 1364 2412 sed
1411 2357 1612 2429 aperte
1660 2355 1726 2411 ui
1774 2356 1834 2412 et
1879 2372 2041 2412 more
2086 2357 2329 2429 patrum
2377 2373 2474 2413 co-

438 2441 586 2500 tidie
634 2442 953 2502 accusauit.
1004 2442 1309 2520 subiungit
1357 2442 1795 2515 allocutionem,
1843 2461 1962 2518 qua
1998 2461 2139 2501 usus
2178 2446 2286 2519 est,
2336 2462 2474 2502 cum
2580 2439 2597 2491 ¹}

275 2534 403 2590 106
439 2534 747 2589 accusaret
800 2530 990 2588 filium
1048 2524 1138 2589 54
1195 2550 1317 2591 Eoo
1375 2551 1451 2589 TE
1507 2551 1681 2590 MEvM
1737 2549 1884 2591 EssE
1939 2550 2071 2590 DICI
2126 2550 2477 2591 TANTISPER
2505 2552 2554 2591 25

436 2638 599 2679 vono
657 2639 790 2677 DVM
844 2638 1009 2685 Qvon
1076 2641 1152 2678 TE
1217 2639 1458 2680 DIGNVM
1517 2639 1630 2679 Es'r
1691 2639 1907 2680 FACIES
1974 2621 2092 2680 dici
2153 2624 2213 2679 te
2278 2621 2476 2680 filium

438 2727 637 2766 meum
683 2712 809 2767 tam
856 2709 961 2766 diu
1007 2709 1163 2782 u010,
1210 2729 1395 2785 quam
1441 2710 1544 2767 diu
1591 2709 1756 2785 facis,
1801 2711 1958 2785 quod
1996 2713 2056 2768 te
2094 2710 2343 2789 dignum
2383 2714 2477 2770 est

437 2799 645 2870 facere.
721 2797 813 2857 sin
869 2802 1070 2857 autem
1116 2818 1233 2857 non
1280 2800 1506 2875 feceris,
1564 2819 1672 2876 ego
1730 2799 2036 2858 inueniam
2093 2799 2252 2875 quod
2298 2799 2364 2858 in
2411 2803 2474 2858 te

619 3046 645 3092 1
689 3057 768 3091 810
807 3056 906 3094 om.
938 3040 1091 3094 codd.
1115 3047 1337 3107 praeter
1363 3042 1425 3095 F
1452 3044 1459 3110 Ι
1500 3040 1641 3094 mihi
1678 3058 1779 3096 om.
1811 3042 1871 3094 F
1921 3042 1940 3109 ΙΙ
1995 3046 2024 3092 2
2066 3042 2124 3094 te
2161 3039 2358 3109 iuuero
2404 3042 2473 3105 G,

437 3127 496 3164 re
533 3127 669 3163 uera
697 3110 829 3165 1²²8
863 3110 1001 3180 (4811)
1043 3113 1132 3180 Vn
1161 3117 1192 3163 3
1232 3112 1451 3182 curare]
1490 3128 1756 3180 quaerere
1785 3113 1857 3178 F,
1896 3128 2071 3184 quere
2109 3114 2177 3179 P,
2216 3111 2289 3164 -ri
2331 3113 2433 3167 VS
2457 3115 2474 3181 ΙΙ

439 3189 471 3235 ὀ
502 3183 548 3235 si
578 3183 665 3234 est
693 3182 803 3234 W.:
836 3185 893 3235 et
921 3183 1071 3237 codd.
1134 3186 1141 3251 Ι
1202 3184 1471 3237 adiuuero
1501 3185 1600 3236 aut
1627 3185 1739 3237 W.:
1780 3182 1986 3236 adiuuo
2016 3184 2167 3238 codd.
2224 3185 2242 3250 ΙΙ
2298 3187 2329 3235 6
2373 3187 2476 3238 aut

437 3269 496 3305 re
524 3253 718 3306 iuuero
752 3253 803 3307 G
839 3256 858 3322 ΙΙ
895 3258 926 3307 8
957 3254 1101 3307 dixit
1127 3255 1239 3308 Fa
1276 3256 1294 3323 ΙΙ
1351 3260 1381 3307 9
1410 3257 1780 3323 proposuerat
1813 3255 1864 3311 G
1890 3258 1908 3323 u
1957 3260 2022 3306 10
2052 3254 2380 3324 repudiauit
2406 3255 2473 3321 G,

439 3327 588 3376 -aret
625 3323 698 3375 ad
729 3324 789 3375 F
793 3345 828 3376 α
862 3327 869 3393 Ι
902 3326 988 3378 uti
1016 3326 1119 3379 Fa
1154 3328 1160 3393 Ι
1208 3326 1349 3379 scire
1387 3327 1551 3395 cupio
1581 3327 1683 3380 Fa
1745 3329 1763 3393 ΙΙ
1829 3332 1895 3379 12
1935 3342 2069 3379 aure
2107 3325 2369 3379 adiuuari
2390 3348 2427 3379 α
2455 3329 2473 3396 u

445 3397 509 3442 18
539 3396 597 3444 et
625 3393 944 3448 adnectitur
971 3414 1071 3450 om.
1093 3398 1148 3449 P
1175 3399 1183 3464 Ι
1217 3397 1402 3466 coepit
1431 3398 1481 3452 G
1501 3418 1536 3449 α
1565 3399 1583 3466 ΙΙ
1614 3403 1678 3450 19
1707 3398 1909 3469 NEQVE]
1939 3399 2110 3465 atque
2139 3419 2176 3451 α
2203 3400 2222 3466 Η
2252 3402 2314 3450 21
2349 3400 2472 3451 ani-

441 3475 534 3511 ma
571 3461 908 3518 aduertisset
945 3487 982 3519 α
1010 3472 1027 3535 ΙΙ
1056 3473 1123 3519 23
1162 3471 1355 3535 aperte
1386 3501 1451 3507 —
1483 3469 1796 3539 accusauit]
1833 3468 2036 3538 peruul
2077 3471 2171 3522 ata
2198 3468 2258 3522 ui
2287 3470 2345 3522 et
2374 3470 2472 3522 uia

441 3528 666 3590 patrum
695 3533 901 3588 cotidie
930 3538 1264 3592 accusabam
1288 3539 1339 3593 G
1359 3544 1447 3610 (=
1475 3541 1614 3607 Ter.)
1651 3542 1669 3606 ΙΙ
1707 3546 1775 3593 24
1803 3557 1931 3594 cum
1952 3572 2017 3579 —
2104 3541 2216 3592 'um
2246 3558 2346 3594 om.
2373 3543 2471 3611 F!

446 3598 511 3643 26
542 3613 665 3647 Essn
693 3615 792 3653 om,
819 3605 868 3656 G
895 3607 912 3672 ΙΙ
941 3613 1008 3659 26
1037 3607 1213 3662 facias
1239 3610 1289 3664 G
1322 3615 1328 3680 Ι
1364 3610 1456 3663 dic
1483 3612 1563 3665 1²²
1575 3611 1673 3665 VS
1695 3614 1713 3679 ΙΙ
1743 3616 1810 3664 28
1839 3610 2025 3666 facere
2053 3628 2152 3666 om.
2170 3613 2232 3666 F
2251 3612 2469 3681 (redd)
