2661 3940
440 264 526 328 66
1014 263 1391 318 EVGRAPHI
1427 262 1899 318 COMMENTVM
1922 340 1925 343 Δ

438 451 566 490 mos
613 435 704 492 est
747 433 810 490 in
847 432 1020 507 atrio,
1065 433 1177 491 hoc
1224 435 1313 491 est
1356 433 1422 490 in
1468 432 1783 506 uestibu10,
1826 431 2044 490 habere
2091 424 2343 489 Vestam
2380 462 2469 471 —

440 523 661 598 quippe
699 541 832 580 cum
867 521 1006 580 inde
1044 522 1410 580 uestibulum
1444 523 1812 579 nominarint
1848 553 1952 595 —,
1990 519 2085 578 cui
2113 519 2470 578 sacrificium

439 611 656 670 cotidie
719 613 1001 684 facerent,
1065 613 1127 670 et
1170 611 1299 669 illic
1355 612 1411 669 ei
1455 611 1653 670 fuerat
1708 629 1813 669 ara
1867 609 2176 669 collocata.
2245 608 2469 668 idcirco

268 702 400 759 729
440 698 664 759 dictum
720 704 811 761 est
865 695 958 758 ‘ex
1015 719 1120 760 ara
1175 719 1342 758 sume
1395 700 1535 758 hinc
1578 699 1865 758 uerbenas
1911 693 2066 758 tibi'.
2116 730 2199 739 --
2251 690 2340 756 14
2388 717 2470 756 v‘r

437 807 692 855 movmo
739 805 959 848 Possm
1006 792 1074 847 ut
1116 807 1281 864 pure,
1317 791 1519 862 imquit,
1559 792 1620 847 et
1663 788 1975 847 manifeste
2011 788 2234 863 possim
2280 789 2470 847 iusiu-
2529 806 2554 845 5

267 881 398 936 730
435 878 688 939 randum
726 877 1022 954 adhibere,
1059 897 1153 936 me
1190 898 1441 953 puerum
1486 897 1604 936 non
1652 879 2006 953 exposuisse.
2051 908 2126 917 —
2176 869 2262 934 15
2302 894 2470 935 nova

436 984 595 1026 NVNC
633 985 883 1030 immolo
924 986 992 1026 IN
1016 987 1090 1024 TE
1124 985 1333 1025 ISTAEG
1365 985 1632 1026 INCESSIT
1664 967 1880 1040 subito,
1906 967 2123 1041 inquit,
2150 966 2473 1067 religiosus

266 1058 398 1114 738
437 1056 675 1116 effectus
716 1058 830 1114 es*
856 1088 932 1096 —
969 1049 1059 1115 23
1100 1075 1220 1114 AVT
1254 1076 1335 1114 TV
1369 1075 1437 1114 PL
1451 1075 1516 1113 Vs
1561 1075 1732 1114 VIDES
1765 1061 1870 1114 aut
1904 1060 1966 1113 tu
1991 1055 2136 1127 plus
2159 1056 2470 1128 prospicis.

287 1212 397 1262 732
434 1229 469 1261 α
490 1208 607 1279 *[8]
646 1211 705 1261 et
742 1210 827 1261 est
873 1224 1181 1262 sarcasmos
1221 1208 1427 1276 (sarch-
1466 1209 1640 1276 codd.)
1671 1240 1735 1247 —
1779 1207 1848 1261 17
1890 1227 1991 1262 Pno
2029 1227 2270 1260 IVPPITER
2310 1224 2470 1276 pros-

266 1718 394 1774 740

646 1278 911 1348 phonesis
942 1281 1139 1348 (prosf-
1169 1280 1362 1348 codd.)
1392 1279 1452 1332 id
1482 1283 1567 1333 est
1603 1279 1940 1333 exclamatio
1981 1279 2054 1333 ad
2091 1279 2273 1345 deum,
2314 1280 2471 1346 quod

648 1350 859 1404 idcirco
897 1349 1051 1416 facit,
1091 1351 1226 1417 quia
1264 1350 1523 1405 Chremes
1562 1351 1883 1405 interuenit.

1425 1612 1482 1666 4.

618 1707 654 1773 l
705 1733 1031 1775 REVERTOR
1075 1733 1406 1781 Pos'rQVAM
1454 1734 1616 1782 QVAE
1664 1732 1820 1775 orvs
1862 1734 2148 1774 FVERANT
2195 1735 2274 1772 AD
2319 1734 2470 1773 NVP-

436 1823 568 1862 ms
615 1824 846 1864 GNATAE
890 1824 1040 1862 PARA
1057 1824 1116 1862 VJ
1165 1824 1235 1862 Vr
1278 1823 1509 1862 IVBEAM
1549 1823 1798 1863 ACCERSI
1824 1804 1971 1863 haec
2009 1823 2221 1864 scaena
2259 1804 2467 1863 dolum
2501 1822 2555 1860 ιο

434 1895 693 1969 complet
751 1895 811 1950 et
867 1893 1049 1953 habet
1105 1893 1382 1952 subtilem
1439 1912 1678 1953 causam
1725 1896 1786 1952 et
1831 1895 2178 1968 orationem,
2232 1894 2295 1950 in
2343 1914 2467 1970 qua

434 1983 597 2042 aliud
644 1983 791 2043 dicit
837 1984 1001 2042 aliud
1046 1984 1309 2061 intelligi
1346 1984 1505 2042 uult:
1554 1986 1773 2060 quippe
1811 1983 2016 2042 Dauus
2065 1985 2126 2041 in
2172 1984 2284 2043 hoc
2329 1987 2466 2044 toto

434 2072 681 2133 consilio
721 2075 1079 2132 constitutus
1117 2076 1223 2147 est,
1260 2074 1355 2131 uti
1387 2072 1679 2148 prodatur
1717 2071 2034 2146 Chremeti,
2083 2072 2241 2149 quod
2286 2071 2464 2131 Pam-

432 2162 631 2236 philus
675 2164 760 2220 ita
810 2161 1142 2236 Glycerium
1186 2162 1410 2235 diligat,
1457 2167 1522 2220 ut
1558 2181 1685 2222 cam
1720 2165 1844 2221 iam
1869 2179 1985 2235 pro
2022 2179 2202 2220 uxore
2235 2163 2466 2238 habeat,

430 2252 714 2323 siqwldem
759 2271 825 2309 ex
875 2270 945 2309 ea
990 2253 1316 2326 susceperit
1361 2250 1569 2325 filium,
1615 2270 1735 2327 qua
1770 2271 1834 2309 re
1873 2253 2114 2327 cognita
2159 2252 2196 2309 a
2233 2253 2466 2326 nuptiis
2499 2267 2553 2307 15

262 2342 396 2399 742
433 2339 708 2399 Chremes
744 2342 935 2415 possit
972 2340 1299 2398 abscedere.
1339 2372 1421 2380 —
1463 2334 1504 2400 3
1544 2359 1647 2399 vm
1683 2357 1846 2399 mmo
1885 2356 2000 2397 Es‘r
2038 2359 2173 2399 cum
2210 2339 2468 2399 uidisset

261 2611 388 2666 744

433 2427 800 2487 Chremetem
847 2430 1068 2503 uenire,
1119 2430 1392 2489 discessit
1433 2449 1619 2505 prope
1664 2431 2028 2502 repentinum
2073 2429 2465 2490 simulaturus

429 2518 768 2576 aduentum.
814 2518 949 2576 ideo
986 2536 1141 2577 nunc
1177 2519 1547 2596 interrogata
1584 2519 1797 2577 mulier
1835 2519 2070 2593 quaerit
2105 2518 2210 2576 ubi
2246 2518 2341 2577 sit.
2374 2550 2462 2560 —

433 2600 475 2665 5
525 2627 592 2666 DI
637 2625 923 2666 vsss'rRAM
961 2626 1154 2665 mmm
1193 2609 1365 2684 quasi
1401 2627 1555 2668 nunc
1593 2607 1798 2666 Dauus
1835 2609 2058 2681 ueniat,
2107 2608 2289 2665 aliam
2327 2627 2464 2666 ora·

429 2697 652 2755 tionem
717 2696 917 2774 fingit:
973 2698 1145 2772 quasi
1205 2697 1275 2755 de
1341 2698 1469 2755 foro
1534 2716 1688 2755 nunc
1759 2698 2004 2757 ueniens
2078 2697 2535 2772 conqueriturso

432 2786 707 2845 adactam
761 2787 1083 2844 maximam
1129 2805 1251 2845 esse
1306 2785 1770 2860 multitudinem,
1830 2789 2118 2844 maximos
2176 2804 2299 2845 esse
2355 2806 2462 2861 po-

428 2867 599 2950 pulos
655 2875 1043 2952 litigantium,
1099 2894 1397 2934 annonam
1453 2893 1578 2934 esse
1635 2894 1850 2950 caram,
1917 2878 1977 2934 et
2025 2875 2274 2934 iocunde
2321 2877 2461 2934 sub-

608 3014 639 3061 3
679 3007 956 3062 collocata
982 3024 1093 3061 ara
1129 3030 1166 3061 α
1230 3012 1248 3079 ΙΙ
1312 3015 1343 3062 5
1390 3009 1782 3062 iusiurandum
1819 3009 2112 3090 adhibere]
2150 3009 2334 3063 iurare
2376 3030 2413 3062 α
2443 3012 2461 3079 ΙΙ

429 3086 460 3132 6
499 3096 611 3133 non
649 3079 975 3149 apposuisse
1014 3087 1140 3134 ante
1175 3096 1265 3134 me
1303 3101 1340 3133 α
1377 3083 1396 3148 ΙΙ
1444 3087 1472 3134 7
1503 3080 1607 3151 <id
1647 3084 1733 3134 est
1815 3080 2000 3134 subito
2038 3102 2074 3134 α
2121 3084 2139 3150 ΙΙ
2185 3086 2216 3133 8
2255 3098 2313 3134 es
2352 3097 2458 3135 om.

427 3152 548 3205 LG
587 3155 596 3220 Ι
635 3168 739 3205 Avi·
768 3182 835 3192 --
864 3151 1139 3220 prospicis
1176 3169 1278 3206 om.
1308 3152 1371 3205 F
1406 3153 1425 3220 ΙΙ
1472 3158 1503 3204 9
1542 3152 1696 3205 fuere
1819 3155 1906 3220 (=
1935 3154 2073 3222 Ter.)
2119 3156 2137 3221 ΙΙ
2196 3159 2259 3205 12
2296 3152 2355 3205 in
2388 3185 2458 3193 -

427 3223 536 3293 est]
573 3222 680 3276 hoc
718 3223 840 3292 agit
877 3243 915 3277 α
977 3226 994 3291 ΙΙ
1061 3228 1126 3275 14
1166 3222 1358 3293 diligit
1394 3223 1447 3276 L
1511 3226 1529 3291 ΙΙ
1595 3229 1660 3277 15
1700 3223 1789 3293 ea]
1829 3222 2086 3292 Glycerio
2125 3244 2162 3276 α
2194 3226 2201 3291 Ι
2245 3240 2356 3292 qua
2387 3256 2456 3264 —

429 3293 752 3365 abscedere]
799 3295 865 3347 ut
909 3294 1016 3347 hoc
1063 3294 1290 3363 cognito
1337 3311 1646 3362 numquam
1690 3294 1867 3347 filiam
1913 3312 2072 3347 suam
2111 3295 2163 3348 ei
2199 3295 2458 3350 commit-

426 3366 514 3417 tat
534 3386 593 3429 ας
623 3367 751 3418 hinc
767 3382 935 3433 usque
953 3366 1029 3420 ad
1057 3365 1173 3430 V4,
1191 3370 1262 3420 16
1290 3365 1568 3433 siquidem
1588 3367 1731 3419 deest
1747 3372 1896 3420 vetus
1914 3368 2029 3420 cod.
2052 3366 2103 3418 V
2125 3369 2143 3434 ΙΙ
2174 3371 2239 3420 19
2262 3366 2459 3420 Dauus

427 3435 644 3505 ueniat]
674 3436 901 3488 aliunde
931 3437 1236 3489 adueniens
1266 3457 1303 3489 α
1330 3439 1349 3505 ΙΙ
1378 3441 1446 3490 20
1475 3437 1724 3505 quasi—
1747 3438 1959 3507 caram]
1991 3437 2060 3490 de
2088 3436 2457 3492 multitudine

427 3505 624 3572 populi
662 3506 811 3573 apud
848 3505 1031 3559 forum
1068 3506 1351 3578 litigantis
1390 3509 1446 3561 et
1483 3509 1635 3576 quod
1673 3524 1802 3561 cara
1839 3508 1913 3561 sit
1951 3524 2174 3562 annona
2203 3529 2240 3561 α
2273 3512 2279 3576 Ι
2322 3526 2457 3563 con-

428 3575 681 3711 qudergiiur
708 3577 779 3641 F,
808 3580 988 3715 -r)atur
1015 3579 1134 3633 LG
1188 3583 1206 3648 ΙΙ
1262 3586 1327 3633 21
1370 3578 1632 3633 adactam
1659 3581 1886 3634 Schoell:
1938 3580 2011 3631 ad
2058 3579 2268 3632 factam
2297 3582 2455 3635 codd.

451 3662 483 3695 a
613 3663 688 3697 zm
724 3664 834 3700 886)
