2661 3940
786 239 1069 292 ANDRIA
1105 238 1309 293 PROL.
1342 246 1534 293 4-27.
1573 240 1615 307 Ι,
1657 246 1683 292 1
2224 241 2260 304 7

1218 525 1280 593 1.
1337 485 1341 489 ’

1223 697 1276 752 1.

100 839 183 895 28
414 828 448 893 l
503 853 619 896 vos
677 853 894 894 1s⁷1=Ano
950 854 1136 894 mmo
1201 854 1484 894 AVFERTE
1543 854 1726 893 ΑΒῙΤΕ
1790 839 1986 912 prima
2050 854 2263 895 scaena

219 926 403 984 huius
480 926 816 985 comoediae
890 943 1131 985 causam
1205 927 1470 983 continet
1543 925 1715 1000 quasi
1788 925 2260 984 deliberatiuam.

222 1017 456 1073 certum
504 1015 817 1074 consilium
861 1009 1007 1091 (et)
1050 1014 1421 1090 exploratum
1457 1014 1706 1073 mandat
1742 1033 1913 1074 seruo
1964 1015 2262 1088 dominus;

222 1123 299 1162 ne
344 1107 550 1163 tamen
598 1104 709 1162 hoc
753 1104 1042 1162 iniustum
1087 1104 1402 1164 consilium
1448 1103 1545 1176 sit,
1596 1103 1754 1180 quod
1802 1122 1872 1161 ex
1919 1102 2262 1163 deliberati-

223 1211 337 1251 one
394 1192 634 1251 uidetur
687 1195 1015 1267 inuentum,
1071 1212 1141 1251 ex
1194 1193 1556 1252 narrationis
1612 1193 1882 1268 partibus
1940 1192 2261 1270 colligitur,
2317 1213 2341 1253 5

223 1283 379 1355 quod
424 1284 644 1340 iustum
696 1283 760 1340 id
813 1283 1118 1341 consilium
1173 1284 1477 1340 inuentum
1532 1300 1650 1342 esse
1702 1284 1991 1341 uideatur.
2082 1281 2263 1340 habet

224 1370 470 1447 quidem
532 1370 710 1429 finem
770 1372 917 1431 haec
981 1389 1195 1431 scaena
1256 1372 1577 1447 imperium
1650 1374 1829 1447 atque
1894 1371 2262 1446 mandatum,

224 1460 385 1535 quod
425 1479 596 1519 seruo
636 1460 824 1534 detur,
871 1460 975 1519 sed
1019 1479 1093 1518 ne
1140 1462 1380 1537 imperii
1425 1464 1604 1536 atque
1650 1460 1922 1519 mandati
1964 1461 2261 1521 iniustitia

223 1551 323 1623 sit,
371 1568 584 1608 causae
633 1552 722 1608 est
767 1549 1079 1609 consilium
1134 1554 1455 1626 sumptum,
1509 1551 1614 1608 ubi
1669 1550 1946 1609 similiter
2001 1551 2260 1625 qualitas

223 1642 331 1713 est,
394 1658 475 1696 an
528 1639 816 1697 iniustum
873 1639 1186 1698 consilium
1241 1642 1335 1698 sit.
1429 1639 1531 1697 sed
1575 1639 1698 1698 iam
1751 1641 1820 1697 ut
1875 1638 1950 1697 ad
2006 1642 2258 1715 speciem
2289 1661 2341 1699 10

221 1731 552 1802 ueniamus,
598 1727 848 1785 mandat
893 1747 1064 1788 seruo
1104 1728 1396 1802 dominus,
1441 1729 1590 1787 bene
1636 1731 1707 1786 ut
1752 1729 2073 1787 adsimulet
2110 1748 2259 1804 nup-

220 1820 341 1877 tias
395 1813 471 1893 (v.
516 1817 690 1890 141).
783 1819 1097 1877 consilium
1160 1820 1360 1876 autem
1404 1817 1467 1875 id
1523 1820 1613 1877 est
1659 1817 1737 1891 (v.
1772 1816 1927 1890 130)
1978 1813 2061 1876 ‘et
2104 1837 2260 1876 nunc

219 1907 284 1965 id
324 1925 569 1983 operam
607 1906 700 1982 do,
746 1909 816 1965 ut
851 1927 961 1982 per
995 1908 1181 1965 falsas
1219 1907 1461 1985 nuptias
1499 1926 1642 1966 uera
1689 1906 2044 1986 obiurgandi
2082 1925 2260 1966 causa

218 1999 320 2070 sit,
366 1998 420 2055 si
465 1990 757 2075 deneget’.
828 1992 1050 2075 id<eo>
1096 1998 1329 2056 consilii
1373 1997 1529 2056 ratio
1579 1997 1915 2072 quaerenda
1962 2000 2066 2071 est,
2107 2016 2257 2073 quae

217 2088 583 2161 supponitur
628 2087 714 2145 sic
762 2081 975 2144 ‘filium
1021 2086 1194 2145 credo
1242 2105 1441 2145 amare
1487 2081 1898 2146 meretricem'.
1980 2087 2127 2145 haec
2163 2105 2257 2144 ra·
2288 2108 2337 2147 15

218 2178 309 2234 tio
363 2195 474 2251 per
528 2176 927 2234 coniecturam
970 2179 1282 2251 tractatur,
1341 2195 1417 2233 an
1469 2175 1629 2234 filius
1686 2178 1845 2234 amet
1890 2179 2256 2235 meretricem.

220 2268 413 2325 omnis
476 2265 666 2342 igitur
739 2283 954 2324 scaena
1016 2267 1082 2323 in
1143 2266 1254 2325 hoc
1310 2266 1695 2340 consumitur,
1760 2269 1829 2323 ut
1892 2265 2257 2343 argumentis

218 2354 721 2414 coniecturalibus
769 2355 1091 2432 colligatur
1133 2355 1324 2412 filium
1372 2373 1569 2413 amare
1614 2356 1981 2414 meretricem.
2075 2374 2257 2430 quare

218 2446 566 2504 coniectura
620 2444 933 2503 consilium
989 2462 1161 2503 suum
1215 2444 1450 2520 probat,
1513 2446 1583 2502 ut
1641 2443 1830 2501 filium
1886 2444 2101 2503 debeat
2157 2445 2256 2503 ob-

218 2534 481 2612 iurgare,
537 2534 590 2594 si
645 2537 817 2593 amet.
894 2552 1011 2610 quo
1078 2533 1323 2594 consilio
1389 2533 1641 2610 probato
1704 2535 1929 2592 iustum
1994 2534 2259 2593 declarat
2286 2554 2339 2593 20

216 2624 558 2701 imperium,
619 2641 737 2699 quo
793 2623 882 2681 est
929 2642 1098 2682 seruo
1145 2625 1563 2699 imperaturus,
1616 2625 1687 2681 ut
1746 2622 1893 2681 bene
1950 2624 2259 2682 assimulet

218 2716 479 2789 nuptias.
572 2713 721 2770 haec
784 2731 890 2788 per
951 2713 1320 2790 singulorum
1395 2714 1597 2789 capita
1669 2731 1946 2771 uersuum
2022 2712 2255 2788 plenius

218 2805 573 2877 aperiemus.

397 2890 671 2949 Primum
706 2909 780 2948 ne
828 2890 972 2965 quid
1008 2893 1181 2966 turpe
1228 2891 1499 2949 dominus
1538 2890 1821 2948 aduersus
1859 2890 2052 2948 filium
2083 2908 2255 2949 seruo

218 2980 504 3040 mandare
542 2978 837 3056 uideatur,
874 2978 1168 3054 siquidem
1201 2979 1304 3037 ille
1342 2979 1500 3039 filius
1529 2980 1627 3038 hic
1656 2998 1859 3038 seruus
1885 2983 1990 3052 est,
2025 2979 2255 3038 obiecta
2282 2999 2334 3040 25

216 3089 474 3147 persona
529 3069 690 3127 serui
726 3070 833 3142 est,
879 3087 999 3127 non
1060 3068 1168 3127 illa
1221 3069 1489 3146 uulgaris
1545 3087 1738 3144 neque
1791 3070 1855 3126 in
1911 3068 2253 3127 condicione

401 3281 429 3328 1
461 3294 653 3329 vos—
674 3292 832 3327 anm
861 3275 1000 3340 FB,
1028 3292 1130 3328 om.
1159 3274 1272 3328 rell.
1303 3276 1321 3342 ΙΙ
1352 3279 1382 3326 2
1414 3272 1784 3327 deliberatiue
1815 3272 1932 3326 LG
1959 3275 1977 3342 ΙΙ
2007 3278 2037 3325 3
2069 3272 2253 3345 (ubi)

220 3349 433 3400 certum
465 3366 504 3399 α
536 3349 544 3415 Ι
579 3348 637 3399 et
665 3345 792 3399 add.
819 3347 919 3411 W.;
951 3361 1085 3413 -que
1104 3351 1232 3414 post
1260 3344 1615 3413 exploratum
1645 3365 1683 3398 α
1710 3345 1727 3413 ΙΙ
1756 3350 1789 3397 4
1818 3360 1889 3397 ne
1919 3345 2251 3400 ΙΛπάεπόν.·

219 3434 331 3471 non
368 3417 525 3472 codd.
555 3419 574 3486 ss
602 3422 633 3469 5
672 3416 964 3470 inuentum
994 3415 1299 3488 <quod>oe
1325 3418 1344 3485 ΙΙ
1376 3422 1439 3470 12
1479 3417 1539 3469 id
1568 3433 1669 3471 om.
1687 3417 1740 3470 L
1760 3416 1812 3470 G
1837 3417 1855 3485 ΙΙ
1886 3421 1952 3468 14
1990 3416 2118 3470 ideo
2151 3417 2253 3482 W..

220 3506 319 3544 om.
351 3510 388 3542 α
426 3490 445 3558 ΙΙ
491 3493 556 3542 19
597 3487 918 3559 obiurgare]
957 3504 1190 3558 arguere
1228 3508 1266 3541 α
1302 3493 1318 3551 ΙΙ
1359 3492 1427 3540 20
1465 3487 1700 3555 probato
1744 3487 1811 3552 G,
1858 3490 1945 3541 -at
1982 3490 2068 3539 est
2102 3488 2215 3541 rell.
2238 3489 2254 3555 ΙΙ

222 3567 288 3614 22
327 3559 556 3631 singula
585 3561 708 3615 ΡΘ
745 3559 958 3629 (νεοτεὲ)
1013 3563 1031 3625 ΙΙ
1096 3566 1162 3613 25
1202 3560 1425 3614 obiecta
1464 3560 1572 3614 W..
1614 3558 1832 3612 abiecto
1874 3560 1942 3624 L,
1980 3559 2065 3611 -ta
2101 3559 2215 3611 rell.
2236 3560 2253 3624 ΙΙ

222 3638 288 3687 26
328 3634 417 3689 est
452 3650 557 3690 om.
589 3652 626 3684 oc
659 3634 667 3701 Ι
698 3648 810 3685 non
840 3661 907 3670 —-
936 3632 1186 3701 uulgaris
1225 3638 1351 3685 ante
1389 3629 1609 3683 obiecta
1647 3649 1683 3681 α
