2661 3940
423 194 551 259 146
981 192 1358 248 EVGRAPHI
1394 191 1868 248 COMMENTVM

415 363 741 440 uideretur,
781 362 1114 438 exemplum
1154 362 1229 422 ab
1265 361 1521 421 Hercule
1562 364 1835 439 suscepit.
1883 363 1971 422 ita
2008 363 2168 421 enim
2209 362 2461 439 gloriosi

417 453 665 528 faciunt,
720 454 791 511 ut
846 455 1091 529 peccent
1147 453 1207 510 et
1259 452 1491 527 peccati
1544 455 1688 511 tunc
1743 469 1804 510 se
1857 451 2075 511 habere
2131 451 2459 527 profitean-

201 543 376 601 1028
414 544 516 601 tur
561 541 845 617 exempla.
884 572 970 581 —
1018 533 1063 598 4
1110 559 1347 600 vnum
1393 557 1519 599 'mn
1566 557 1979 600 commem
2021 558 2266 600 vmnax
2314 559 2459 600 sm-

204 1346 372 1403 1031

411 649 602 691 DALIO
662 623 909 690 cAPv'r*
963 630 1196 689 utinam
1250 629 1365 689 tibi
1420 630 1743 690 comminui
1800 633 1860 689 et
1916 630 2156 705 percuti
2210 630 2462 689 uideam

414 723 612 796 caput,
674 722 744 778 ut
805 737 943 778 uere
1003 721 1225 779 seruire
1290 719 1568 778 uidearis.
1647 720 1760 778 hoc
1829 719 2071 794 quidem
2134 718 2462 795 paululum
2528 741 2558 781 5

413 810 815 868 summissiore
859 826 1006 867 uoce
1051 810 1354 884 parasitus
1401 808 1570 866 dixit.

414 1000 452 1032 α
469 977 496 1007 *
517 978 589 1049 [4]
628 977 796 1033 sand
809 977 1019 1032 alium
1056 981 1256 1033 neutro
1294 993 1499 1048 genere
1536 993 1717 1048 genus
1756 976 2113 1032 calciamenti
2151 979 2255 1032 est.

1408 1220 1465 1278 8.

594 1335 630 1401 l
681 1361 721 1402 o
759 1361 1112 1402 PorvnAans
1159 1360 1382 1409 nemus
1429 1360 1513 1408 m:
1560 1360 1727 1402 Vlvl'r
1773 1360 1967 1400 nonu:
2014 1360 2465 1403 FORTVNATIOR

414 1432 841 1490 exultationem
885 1432 1032 1491 haec
1080 1450 1292 1491 scaena
1346 1425 1550 1504 habet,
1605 1430 1767 1506 quod
1816 1428 2079 1490 Chaerea
2135 1432 2463 1490 consilium

414 1540 589 1580 suum
635 1520 930 1597 complere
976 1523 1255 1595 potuerit.
1313 1524 1404 1579 est
1450 1539 1591 1598 ergo
1638 1520 1735 1578 hic
1781 1519 2065 1578 allocutio
2112 1520 2459 1597 gaudentiS.

412 1610 623 1670 laudat
670 1612 870 1669 autem
916 1610 1361 1682 Parmenonem,
1408 1628 1469 1668 se
1518 1613 1695 1685 atque
1745 1609 2080 1668 fortunam:
2128 1608 2459 1669 Parmeno·
2494 1633 2554 1672 ιο

413 1718 565 1773 nem,
620 1698 783 1774 quod
831 1700 1142 1758 consilium
1191 1697 1439 1773 dederit,
1487 1716 1565 1772 se,
1612 1698 1771 1774 quod
1823 1691 2138 1776 aggressus
2185 1698 2284 1772 sit,
2332 1698 2459 1757 for-

411 1792 640 1864 tunam,
678 1788 837 1864 quod
875 1790 1087 1847 cuncta
1125 1788 1531 1862 compleuerit.
1597 1806 1735 1846 mox
1781 1805 1868 1861 ea,
1918 1806 2070 1863 quae
2107 1789 2272 1847 intus
2313 1791 2462 1848 acta

412 1880 568 1953 sunt,
612 1881 822 1936 narrat
867 1881 927 1936 et
972 1877 1086 1936 sibi
1128 1895 1253 1935 esse
1293 1895 1573 1951 sponsam
1610 1879 1670 1935 et
1704 1876 1875 1936 illam
1913 1878 2217 1954 cognitam
2255 1878 2461 1936 ciuem

412 1969 472 2026 et
527 1968 898 2026 meretricem
956 1968 1193 2025 tantum
1257 1966 1434 2025 fratri
1499 1985 1621 2026 esse
1680 1964 2011 2025 Phaedriae
2072 1967 2133 2025 et
2191 1966 2462 2026 militem

203 2078 376 2134 1040
412 2057 728 2115 exclusum.
776 2057 998 2115 idcirco
1028 2055 1318 2115 Parmeno
1350 2055 1569 2114 adiecit
1603 2049 1692 2114 10
1720 2073 1981 2115 FRATRIS
2018 2072 2233 2116 1e1'rvR
2261 2075 2458 2117 'rmus
2496 2079 2549 2120 ιε
2611 2066 2613 2097 ¹

201 2771 374 2828 1049

413 2164 577 2205 'ro'rA
621 2163 754 2203 ns'r.
808 2146 920 2203 hoc
966 2163 1100 2203 cum
1143 2144 1315 2203 miles
1365 2144 1644 2217 audisset,
1688 2145 2070 2204 uehementer
2114 2147 2179 2203 in
2227 2146 2459 2206 amoris

411 2234 679 2292 flammas
724 2234 998 2293 incensus
1046 2234 1353 2309 deliberat,
1402 2233 1546 2309 quid
1581 2234 1776 2293 facere
1814 2234 2043 2293 debeat.
2091 2235 2276 2294 sumit
2310 2251 2461 2293 con-

411 2324 628 2396 silium,
682 2325 752 2381 ut
811 2323 918 2381 hos
971 2323 1159 2399 roget.
1217 2341 1285 2382 ac
1340 2324 1599 2398 primum
1645 2323 1946 2382 allocutio.
2012 2341 2216 2383 rursus
2261 2322 2458 2382 inter-

410 2411 652 2488 ponitur
687 2411 999 2486 Phaedria,
1037 2413 1143 2487 qui
1188 2412 1617 2470 exultationem
1664 2413 1870 2489 gaudii
1916 2412 2007 2471 sui
2033 2412 2340 2494 'exprimit
2390 2418 2458 2473 et

409 2502 482 2559 de
541 2503 664 2560 suis
719 2500 1108 2560 facultatibus
1165 2501 1389 2578 gaudet
1442 2503 1788 2579 gratiasque
1855 2503 1987 2579 agit
2047 2500 2229 2576 patri,
2286 2503 2457 2576 quod
2491 2525 2549 2565 so

412 2590 626 2649 festiue
674 2593 735 2649 et
779 2590 1029 2649 iocunde
1075 2590 1478 2649 interueniens
1526 2594 1740 2649 cuncta
1787 2591 2193 2667 compleuerit.
2602 2596 2605 2611 ²

597 2761 686 2827 19
740 2786 809 2826 DI
863 2786 1150 2828 vns'rRAM
1204 2786 1398 2826 mmm
1452 2785 1875 2826 mcanmuA
1928 2787 2221 2828 PARMENO
2267 2787 2451 2828 nono

412 2876 573 2923 QVAE
610 2876 922 2917 NARRAVIT
957 2860 1259 2933 ingressus
1296 2857 1587 2916 Parmeno
1624 2856 1952 2916 Phaedriae
1990 2856 2264 2916 narrauit
2307 2860 2447 2916 uni-

410 2966 601 3020 uersa,
650 2965 800 3021 quae
857 2946 1087 3005 dixerat
1129 2946 1335 3005 frater.
1399 2947 1490 3005 ita
1535 2965 1668 3005 cum
1712 2948 1960 3005 fratrem
2012 2947 2294 3006 continuo
2351 2949 2446 3006 ui-
2484 2970 2540 3012 2⁵

411 3037 611 3109 disset,
656 3036 810 3093 nihil
857 3035 1022 3094 aliud
1058 3034 1210 3094 dixit
1249 3054 1430 3110 quam
1468 3035 1755 3111 gaudium
1792 3038 1852 3095 et
1888 3035 2187 3094 laetitiam
2223 3035 2450 3095 habere

409 3144 487 3199 se,
534 3119 781 3203 (quod)
827 3124 1025 3184 dicens
1079 3127 1204 3183 iam
1259 3125 1522 3183 ostendit
1585 3142 1645 3184 se
1710 3128 1921 3184 cuncta
1978 3143 2015 3181 a
2069 3124 2450 3185 Parmenone

589 3301 618 3345 2
657 3292 929 3362 peccandi
968 3314 1005 3346 α
1041 3297 1060 3363 ΙΙ
1100 3300 1127 3348 7
1168 3296 1224 3347 et
1260 3294 1387 3361 quis
1426 3294 1578 3349 codd.
1631 3297 1638 3361 Ι
1684 3293 1852 3348 hodie
1888 3294 2038 3347 uiuit
2076 3316 2113 3348 α
2156 3296 2176 3364 ΙΙ
2221 3299 2254 3348 8
2295 3295 2447 3366 (in)

407 3364 514 3416 hae
552 3380 756 3417 scaena
790 3366 961 3431 codd„
1000 3382 1135 3420 corr.
1167 3366 1469 3420 Lv‘ndenbr.
1526 3366 1544 3434 ΙΙ
1610 3370 1674 3419 12
1714 3365 1863 3433 quod
1902 3366 2013 3420 W.:
2058 3382 2203 3434 qnae
2241 3367 2395 3421 codd.
2428 3368 2451 3440 Ι]

413 3439 475 3483 17
517 3434 794 3488 deliberat
830 3454 930 3490 om.
951 3437 1014 3491 F
1035 3440 1054 3504 ΙΙ
1093 3442 1158 3490 18
1197 3454 1263 3491 ac
1289 3437 1363 3503 F,
1402 3437 1475 3490 ad
1512 3439 1624 3491 rell.
1655 3439 1673 3505 ΙΙ
1704 3441 1769 3490 19
1808 3436 1931 3509 qui]
1969 3437 2119 3504 quod
2162 3437 2230 3505 G,
2268 3454 2445 3507 quam

411 3501 472 3554 F
504 3504 523 3567 u
569 3508 637 3554 20
672 3506 822 3571 patri
860 3525 960 3562 om.
989 3509 1052 3563 F
1100 3510 1120 3578 Η
1184 3514 1250 3563 22
1289 3508 1373 3579 m]
1408 3525 1580 3563 novae
1614 3525 1841 3563 scaenae
1877 3510 2103 3563 initium
2139 3510 2203 3563 in
2240 3508 2397 3563 codd.
2426 3511 2447 3580 Η

412 3576 479 3623 26
499 3570 673 3623 frater
690 3590 789 3628 om.
811 3579 872 3629 F
890 3579 895 3648 Ι
921 3578 1153 3633 fratrem
1164 3580 1236 3648 F,
1256 3582 1368 3634 -ter
1386 3581 1498 3634 rell.
1529 3582 1547 3649 ΙΙ
1576 3585 1641 3633 27
1665 3579 1815 3648 quod
1834 3579 1964 3635 add.
1976 3580 2061 3635 W.
2088 3580 2095 3652 Ι
2120 3595 2178 3633 se
2196 3584 2250 3635 2.
2268 3597 2371 3635 om.
2385 3582 2451 3635 F

2586 3704 2589 3769 ἱ
