2661 3940
454 191 1001 297 w

496 354 798 442 Mu

538 478 907 559 asafgsch

534 586 865 661 l?ffss‘

969 732 1232 806 PRAE
1246 734 1475 807 FATI
1486 734 1563 808 Ο.

422 932 497 990 In
544 932 658 1007 hac
705 951 941 1008 quoque
989 932 1264 1006 editione,
1311 934 1469 993 sicut
1511 934 1576 991 in
1623 951 1693 991 ea
1737 933 1965 992 factum
2002 936 2093 992 est
2128 953 2282 1008 quae

240 1023 588 1096 antecessit,
626 1041 662 1079 a
700 1020 739 1094 S
757 1021 840 1079 ch
859 1041 893 1080 o
910 1021 1084 1098 peni
1134 1020 1347 1080 studiis
1384 1023 1627 1081 initium
1671 1021 1800 1081 fieri
1847 1041 2103 1097 aequum
2155 1041 2282 1082 esse

238 1111 397 1169 mihi
444 1110 702 1169 videtur.
768 1111 1010 1169 Etenim
1055 1111 1150 1169 vir
1194 1111 1298 1169 ille
1350 1110 1730 1170 doctissimus
1782 1130 1914 1170 cum
1968 1111 2283 1171 consilium

240 1201 507 1274 cepisset
533 1199 846 1277 Eugraphi
883 1203 1282 1259 commentum
1317 1218 1440 1258 una
1478 1219 1611 1263 cum
1642 1199 1865 1258 Donati
1911 1201 2282 1275 aliorumque

241 1288 489 1348 scholiis
531 1289 904 1348 Terentianis
943 1289 1114 1347 edere
1153 1281 1255 1369 (cf.
1284 1289 1400 1347 vol.
1428 1289 1462 1347 I
1497 1309 1553 1364 p.
1583 1281 1723 1369 111),
1759 1288 2020 1364 primum
2057 1308 2128 1348 ea
2165 1309 2283 1364 qua

239 1379 503 1456 insignis
560 1380 693 1437 erat
747 1378 1066 1456 diligentia
1119 1377 1387 1437 subsidia
1434 1379 1841 1452 manuscripta
1890 1378 2007 1437 sibi
2043 1397 2282 1455 compa-

243 1486 383 1526 rare
420 1468 710 1527 instituit.
775 1467 989 1544 Itaque
1028 1486 1080 1526 a.
1115 1469 1282 1527 1851
1326 1486 1461 1526 cum
1491 1467 1796 1526 Lutetiam
1824 1467 2191 1527 Parisiorum
2221 1487 2282 1527 se

245 1557 606 1616 contulisset
651 1557 728 1614 ad
776 1556 1154 1616 excutiendos
1192 1556 1454 1616 Donatei
1490 1556 1812 1615 commenti
1854 1556 2039 1616 libros
2078 1575 2281 1615 manu-

243 1646 521 1722 scriptoS,
551 1646 855 1705 occasione
894 1646 1037 1705 data
1066 1645 1447 1705 collationem
1486 1647 1741 1705 confecit
1778 1646 2032 1704 duorum
2058 1651 2282 1722 Eugra-

242 1735 352 1811 phi
402 1735 690 1808 codicum,
743 1737 850 1809 qui
892 1737 958 1794 in
1007 1734 1370 1794 bibliotheca
1413 1735 1688 1794 Parisina
1738 1735 2159 1793 adservantur:
2211 1735 2283 1793 de

245 1824 467 1900 quibus
504 1824 746 1883 rettulit
771 1825 837 1882 in
863 1827 1308 1902 programmate
1338 1823 1635 1903 gymnasii
1663 1823 1995 1883 Bonnensis
2027 1843 2079 1883 a.
2111 1825 2280 1883 1852

245 1899 468 1995 (Uber
495 1913 591 1973 die
611 1913 846 1973 Pariser
864 1913 1334 1974 Handschriften
1361 1914 1461 1973 des
1482 1906 1936 1995 Eugraphius'),
1965 1912 2070 1973 ubi
2100 1914 2283 1972 etiam

244 2003 485 2078 aliquot
515 2005 834 2062 commenti
865 2004 1027 2063 locos
1058 2003 1135 2061 ad
1162 2003 1466 2079 Adelphos
1500 2006 1561 2061 et
1586 2003 1885 2079 Hecyram
1914 2006 2283 2079 pertinentes

242 2091 602 2152 emendavit.
651 2091 937 2169 Sequenti
965 2111 1121 2151 anno
1149 2092 1334 2151 libros
1363 2092 1676 2151 Leidenses
1708 2093 1981 2167 contulit,
2008 2094 2148 2167 post
2175 2094 2283 2151 hos

244 2201 298 2240 a.
335 2183 684 2241 1855--56
717 2181 985 2241 codicem
1012 2180 1480 2257 Sangallensem,
1509 2200 1626 2256 quo
1655 2182 1961 2259 Eugraphi
1988 2201 2282 2242 commen-

242 2275 374 2329 tum
426 2272 718 2329 contineri
761 2272 884 2329 iam
933 2290 985 2329 a.
1029 2270 1195 2329 1851
1248 2273 1625 2347 cognoverat.
1690 2270 1963 2347 Denique
2009 2291 2084 2329 ne
2130 2270 2284 2328 illud

245 2360 496 2435 quidem
543 2359 916 2436 Schopenum
954 2361 1114 2437 fugit
1150 2358 1409 2419 codicem
1446 2358 1902 2418 Laudunensem
1939 2360 2014 2417 ad
2051 2361 2283 2437 Eugra-

244 2449 609 2524 phianorum
653 2449 943 2508 librorum
980 2468 1297 2507 numerum
1336 2448 1628 2522 accedere,
1666 2448 1768 2507 sed
1805 2451 1874 2506 ut
1909 2450 2107 2525 ipsum
2147 2468 2283 2508 con-

244 2539 452 2611 ferret,
491 2537 547 2596 ei
582 2557 700 2596 non
739 2540 1013 2614 contigit.
1060 2537 1209 2596 Pars
1246 2537 1597 2596 schedarum
1628 2537 1940 2618 Schopeni,
1969 2557 2039 2596 ex
2068 2538 2284 2613 quibus

240 2628 345 2686 hic
394 2626 525 2685 illic
577 2629 978 2686 coniecturam
1020 2627 1121 2692 vel
1172 2626 1645 2685 emendationem
1676 2625 2049 2703 deprompsi,
2102 2647 2285 2702 quam

245 2717 308 2773 in
348 2719 793 2793 programmate
832 2734 1013 2791 supra
1061 2718 1522 2775 commemorato
1568 2717 1795 2774 frustra
1836 2718 2125 2791 requiraS,
2161 2718 2285 2774 iam

249 2809 391 2863 ante
438 2805 548 2866 lios
586 2805 785 2863 decem
827 2824 1012 2864 annos
1060 2804 1265 2864 eadem
1310 2804 1412 2863 via
1458 2805 1520 2862 in
1557 2824 1767 2863 manus
1805 2824 1969 2863 meas
2008 2824 2285 2880 pervene-

243 2898 407 2968 runt,
467 2913 590 2969 qua
641 2895 907 2953 eiusdem
956 2914 1010 2952 v.
1055 2895 1110 2953 d.
1155 2893 1503 2953 collationes
1555 2894 1824 2953 codicum
1876 2894 2286 2952 Donateorum

250 2975 353 3065 (cf.
393 2983 512 3043 vol.
543 2982 572 3040 I
609 3004 665 3059 p.
696 2976 946 3063 XLIX);
982 2983 1247 3058 reliquas
1286 2986 1416 3041 tum
1454 2982 1687 3041 demum
1728 2985 1949 3058 accepi,
1987 3001 2120 3041 cum
2156 2985 2285 3057 ipse

248 3092 404 3149 quae
453 3073 516 3130 in
551 3072 673 3130 illis
714 3070 1122 3131 desiderabam
1156 3072 1304 3130 mihi
1345 3091 1847 3148 comparaveram.

425 3161 574 3221 Post
602 3161 979 3237 Schopenum
1006 3160 1229 3237 optime
1258 3161 1330 3220 de
1360 3161 1705 3239 Eugraphio
1735 3180 1842 3219 nec
1870 3179 1990 3219 non
2028 3159 2100 3219 de
2128 3179 2286 3219 nova

244 3251 356 3310 hac
402 3251 662 3310 editione
709 3252 958 3310 meritus
1005 3254 1095 3309 est
1131 3250 1204 3309 H.
1255 3249 1740 3328 Gerstenberg
1787 3250 2129 3309 doctissima
2177 3249 2285 3307 illa

249 3338 690 3413 dissertatione,
736 3359 916 3415 quam
970 3339 1211 3415 scripsit
1256 3340 1347 3397 De
1397 3339 1746 3418 Eugraphio
1792 3338 2060 3398 Terentii
2103 3338 2286 3397 inter·

244 3431 409 3504 prete
440 3421 512 3510 (J
514 3447 657 3487 enae
690 3423 920 3510 1886):
959 3430 1064 3505 qui
1101 3429 1214 3488 etsi
1250 3429 1311 3486 in
1341 3428 1643 3487 nonnullis
1673 3427 1847 3486 rebus
1875 3448 2009 3487 mea
2038 3427 2279 3503 quidem

245 3518 546 3577 sententia
598 3519 849 3593 erravit,
903 3520 1107 3577 tamen
1161 3517 1635 3593 quaestionibuS,
1684 3534 1832 3592 quas
1891 3517 2158 3573 instituit
2210 3514 2280 3569 de

245 3607 561 3684 Eugraphi
599 3610 817 3681 aetate,
854 3607 926 3665 de
965 3608 1282 3666 commenti
1318 3606 1487 3663 libris
1524 3605 1967 3677 manuscriptiS,
2005 3602 2320 3732 editioniC-E,

1894 3699 1964 3751 a*

2305 3603 2316 3610 n
