2661 3940
387 213 517 278 296
714 291 718 294 ,
963 212 1341 267 EVGRAPHI
1379 213 1849 267 COMMENTVM

388 383 754 442 comoediam
804 380 1090 442 Graecam
1145 383 1300 441 hanc
1355 385 1588 459 partem
1642 381 1970 458 reliquerit,
2017 401 2136 440 non
2183 381 2433 440 uidetur

389 491 426 532 a
472 472 750 531 Terentio
798 472 988 530 ullum
1036 472 1255 530 crimen
1306 472 1652 547 admissum,
1699 473 1757 531 si
1788 471 1852 529 id
1888 471 2218 544 transtulit,
2263 471 2429 546 quod

268 563 353 620 12
391 561 550 637 apud
598 559 853 620 Graecos
899 563 1198 640 integrum
1236 561 1535 620 manebat.
1587 561 1722 618 ideo
1761 560 1981 618 adiecit
2032 552 2118 619 12
2167 578 2428 619 EANDEM

387 668 504 710 nos
566 667 795 710 Ac'rvm
857 669 1050 710 svmvs
1112 668 1344 725 NOVAM‚
1402 654 1473 708 ut
1526 669 1646 708 non
1704 652 1826 708 iam
1884 651 1965 708 sit
2019 650 2131 707 hoc
2177 650 2425 724 furtum,

390 739 549 815 quod
585 758 703 797 non
743 759 779 798 a
816 740 1032 798 Latino
1082 739 1307 797 dictum
1354 742 1461 813 est,
1508 738 1612 797 sed
1656 739 1858 814 potius
1895 739 2288 814 reprehensus
2326 739 2427 796 hic
2481 758 2505 798 5

389 829 557 887 locus
587 831 694 902 est,
725 828 828 904 qui
858 830 949 888 est
964 847 1078 902 per
1113 830 1532 904 myleqentiam
1568 820 2079 903 praetermissus*
2126 827 2250 887 alia
2287 827 2424 886 sub·

389 917 526 976 inde
571 919 929 994 proponitur
965 920 1257 993 quaestio,
1305 918 1466 993 quod
1511 916 1788 976 maledici
1832 918 2101 977 homines
2148 918 2424 991 frequen-

387 1005 616 1067 tissime
673 1007 875 1066 dicant
921 1007 1266 1066 Terentium
1325 1006 1601 1065 adiuuari
1657 1025 1693 1064 a
1749 1005 2049 1065 nobilibus
2096 1009 2150 1064 et
2191 1008 2426 1078 inqenio

387 1097 703 1154 multorum
740 1096 1061 1155 comoedias
1100 1114 1229 1154 eum
1265 1097 1538 1155 scribere:
1576 1099 1705 1154 erat
1742 1096 1899 1154 enim
1937 1095 2158 1170 opinio,
2189 1094 2351 1170 quod
2390 1114 2426 1153 a

388 1184 593 1244 Laelio
624 1188 686 1244 et
715 1184 990 1261 Scipione
1020 1187 1079 1244 et
1107 1204 1146 1243 a
1176 1184 1432 1244 Seruilio
1462 1184 1863 1256 adiuuareturff
1911 1184 2015 1243 sed
2050 1185 2162 1243 hoc
2200 1183 2425 1243 crimen
2456 1205 2508 1245 ιο

390 1274 468 1333 ad
522 1275 776 1351 gloriam
831 1278 1075 1334 reuocat
1130 1277 1190 1331 et
1246 1274 1563 1333 confitetur
1617 1275 1765 1333 satis
1822 1273 2124 1332 laudabile
2182 1292 2307 1332 esse
2365 1292 2427 1333 se

263 1363 351 1421 20
389 1365 620 1435 quidem
655 1362 878 1422 talibus
915 1363 1063 1422 uiris
1092 1363 1344 1440 placere.
1373 1396 1461 1404 -
1492 1356 1587 1422 20
1618 1381 1870 1430 Qvossvm
1900 1379 2102 1421 OPERA
2130 1380 2195 1421 m
2222 1379 2426 1421 Bnnno

387 1451 485 1510 hic
541 1451 741 1527 Scipio
798 1455 888 1510 est
949 1452 1285 1527 AfricanuS,
1342 1473 1406 1512 m
1453 1469 1597 1512 o'r1o
1648 1451 1888 1511 Laelius
1946 1452 2427 1527 sapientissimus

389 1543 569 1616 atque
615 1541 995 1617 iustissimuS,
1042 1561 1107 1601 m
1151 1558 1423 1601 NEGO'HO
1471 1542 1569 1600 uel
1613 1542 1822 1602 Philus
1868 1541 1964 1599 uel
2015 1540 2325 1614 Seruilius,
2362 1545 2430 1598 ut

388 1631 661 1705 elicuimus,
716 1650 970 1706 quorum
1026 1650 1206 1707 opera
1259 1631 1668 1707 unusquisque
1718 1625 1847 1690 ‘suo
1901 1631 1966 1689 in
2020 1625 2312 1706 tempore’
2362 1631 2427 1687 in
2457 1653 2508 1694 ιε

390 1719 844 1778 necessitatibus
901 1720 1024 1778 suis
1081 1739 1227 1779 usus
1285 1722 1377 1779 est
1431 1721 1557 1779 sine
1615 1717 1821 1796 aliqua
1876 1738 2079 1778 eorum
2125 1718 2424 1794 superbia.

389 1810 473 1866 ita
527 1809 787 1868 maxima
837 1811 1037 1883 qratia
1094 1811 1184 1867 his
1239 1810 1507 1868 omnibus
1563 1809 1815 1878 debetur,
1869 1813 1936 1867 ut
1985 1812 2248 1882 potentes
2302 1811 2429 1869 uiri

390 1901 542 1965 sunt,
590 1899 801 1972 quibus
834 1899 1070 1970 placere
1114 1901 1408 1957 mammae
1453 1899 1652 1957 laudis
1691 1903 1786 1957 est.
1849 1897 2060 1956 deinde
2098 1897 2426 1975 subiungit,

391 2005 498 2045 cur
545 1987 807 2046 officium
863 2006 1037 2047 suum
1093 2008 1212 2048 non
1264 1988 1579 2064 compleat,
1625 1990 1694 2046 ut
1741 1991 2156 2066 argumentum
2203 1991 2425 2062 narret,

392 2076 551 2151 quod
605 2094 772 2136 senes
827 2077 1007 2151 primi
1063 2077 1309 2137 ueniant
1365 2077 1702 2154 argumenti
1763 2079 2133 2137 continentes
2195 2078 2422 2153 exposi·
2452 2099 2507 2140 20

264 2167 351 2223 24
390 2167 633 2238 tionem,
670 2168 731 2224 et
765 2165 1027 2224 breuiter
1063 2167 1334 2241 postulat
1371 2166 1740 2226 audientiam
1788 2159 1879 2225 24
1926 2184 2150 2225 FAcrrn
2189 2184 2425 2232 AEQVA·

390 2273 640 2313 Nnss'rAs
706 2255 818 2313 hoc
883 2257 973 2313 est
1037 2274 1261 2331 aequus
1327 2257 1562 2314 animus
1629 2274 1845 2313 POSTEA
1910 2275 1988 2313 AD
2050 2273 2338 2313 SCRIBEND
2351 2275 2432 2313 mc

390 2362 427 2400 A
440 2362 627 2401 VGEAT
671 2363 773 2402 tm>
787 2362 1070 2410 νεηνίαι,

390 2516 428 2548 α
446 2494 473 2523 *
492 2494 565 2566 [e]
608 2495 1019 2564 ‘reprehensus’
1075 2498 1264 2550 autem
1310 2496 1597 2549 interdum
1634 2495 1920 2566 significat
1964 2496 2213 2550 iterum
2270 2515 2308 2565 p
2321 2515 2349 2549 1·
2361 2513 2390 2550 e
2403 2528 2424 2537 -

602 2566 868 2620 hensus

1377 2730 1439 2797 I.

264 2986 353 3042 26
566 2975 601 3042 l
638 3003 877 3044 s'ronAx
905 3004 1028 3044 NON
1058 3005 1269 3044 annm·
1298 3004 1421 3044 HAG
1445 3005 1630 3044 NOCTE
1654 3005 1691 3043 A
1724 3004 1870 3044 CENA
1899 3004 2232 3044 AEsofflzvvs
2256 2986 2421 3045 uide·

387 3076 489 3131 tur
522 3073 637 3146 hic,
676 3077 904 3148 quanta
942 3093 1085 3134 cura
1121 3075 1200 3135 sit
1246 3075 1317 3133 de
1365 3074 1487 3134 filio
1537 3075 1817 3151 cogitare,
1855 3076 2063 3135 deinde
2100 3076 2304 3145 altera,
2342 3094 2421 3135 an
2447 3098 2497 3138 85

568 3247 599 3294 3
637 3242 944 3314 integrum]
982 3244 1257 3298 intactum
1300 3265 1338 3298 οι
1364 3246 1383 3313 ΙΙ
1428 3252 1461 3299 4
1500 3244 1606 3299 hoc
1644 3243 1720 3298 sit
1757 3265 1793 3299 α
1821 3247 1839 3313 ΙΙ
1882 3250 1912 3296 5
1952 3245 2126 3316 quod]
2166 3244 2301 3313 quia
2340 3266 2377 3298 α
2404 3248 2420 3315 ΙΙ

390 3317 422 3363 8
460 3311 830 3367 nobilioribus
860 3317 901 3371 α’
925 3317 943 3384 ΙΙ
974 3321 1003 3368 9
1042 3332 1170 3368 eum
1198 3316 1429 3370 Schoell:
1470 3316 1589 3369 eius
1627 3317 1779 3370 codd.
1809 3318 1826 3384 ΙΙ
1858 3322 1920 3369 11
1962 3315 2250 3369 laudabile
2281 3316 2419 3370 satis

390 3401 427 3458 ᾳ
454 3383 472 3449 ΙΙ
503 3387 567 3435 12
604 3383 743 3436 uiris
780 3384 991 3439 talibus
1022 3407 1059 3440 α
1086 3389 1104 3455 ΙΙ
1134 3391 1200 3439 13
1239 3386 1522 3440 africanus
1561 3389 1648 3440 est
1676 3408 1713 3441 α
1741 3389 1758 3457 ΙΙ
1799 3394 1861 3441 15
1897 3403 1997 3441 suo
2026 3387 2264 3455 quisque
2295 3391 2420 3456 (pro

391 3452 469 3514 m)
505 3453 756 3519 tempore
793 3463 921 3510 ante
957 3472 1194 3524 quorum
1232 3478 1269 3510 α
1324 3461 1342 3527 ΙΙ
1400 3464 1465 3511 16
1504 3476 1637 3511 usus
1677 3461 1762 3512 est
1797 3465 1926 3512 ante
1961 3458 2023 3511 in
2060 3480 2096 3512 α
2138 3460 2156 3528 ΙΙ
2204 3464 2270 3512 19
2308 3475 2418 3512 non

392 3516 463 3580 B,
501 3520 588 3571 hic
613 3538 724 3598 pm.
753 3527 866 3579 rell.
900 3529 907 3592 Ι
950 3527 1149 3598 (non)
1189 3531 1380 3581 narret
1415 3530 1568 3584 AVS
1600 3531 1617 3598 ΙΙ
1657 3534 1724 3581 20
1764 3529 1948 3602 (qui)
1986 3530 2153 3599 primi
2189 3530 2421 3585 uenient

393 3590 441 3635 et
479 3588 765 3644 contment
802 3613 838 3645 α
865 3598 883 3661 ΙΙ
912 3601 978 3647 22
1019 3612 1228 3665 aequos
1266 3599 1483 3653 animos
1513 3600 1621 3672 <ut
1656 3600 1960 3673 habeatis>
1999 3623 2036 3656 α
