2661 3940
904 244 1186 297 ANDRIA
1222 245 1246 296 1
1279 251 1325 310 1,
1369 250 1541 296 1—15
2196 245 2236 306 9

188 411 262 470 ⁴ei
308 412 585 472 dominus
626 413 1008 473 clementiora
1055 433 1205 490 quae
1252 413 1491 472 fuerant
1544 401 1883 488 imperaret,
1940 412 2043 471 sed
2099 412 2240 487 quia

108 504 177 559 37
211 521 275 559 ex
319 520 495 562 seruo
544 504 751 562 fecerit
795 503 1048 564 liberum
1098 495 1188 561 10
1234 519 1378 560 Fam
1423 521 1502 559 Ex
1551 519 1744 561 sssssvo
1793 520 1872 560 v'r
1919 518 2101 560 Esses
2152 520 2239 560 LI-

210 610 439 650 BER‘rvs
500 612 665 650 mm:
729 612 1025 651 summum
1089 591 1308 650 etenim
1370 592 1628 666 pretium
1696 590 2090 650 seruientibus
2150 593 2238 648 ui·

209 680 377 739 detur
432 698 565 741 esse
623 681 883 741 libertas.
977 684 1036 740 et
1096 683 1378 756 quoniam
1436 680 1625 738 omnis
1680 679 1928 738 libertus
1984 682 2238 755 patrono

209 769 376 828 debet
423 772 800 845 seruitutem,
859 771 992 829 ideo
1040 770 1258 828 adiecit
1305 765 1521 842 ‘mihi’‚
1574 789 1692 828 non
1740 768 2071 845 Pamphila,
2126 771 2238 829 hoc
2294 789 2318 829 5

207 863 297 917 est
340 876 462 918 non
504 860 649 934 filio,
685 863 755 918 ut
799 860 902 918 ille
948 879 1067 918 non
1115 859 1380 918 crederet
1416 858 1557 917 licet
1593 859 1873 916 libertum
1921 877 1982 917 se
2029 858 2239 917 debere

107 950 175 1004 38
206 948 325 1007 filio
381 951 754 1008 seruitutem.
819 982 901 989 —-
967 941 1051 1006 l'l
1111 965 1477 1007 PROPTEREA
1533 966 1699 1012 QVOD
1758 965 2088 1006 SERvaAs
2155 967 2240 1005 LI-

206 1056 555 1097 BERALITER
591 1040 836 1114 pulchre
882 1038 993 1098 hoc
1028 1037 1268 1096 uidetur
1305 1037 1669 1110 adiunctum,
1722 1039 1793 1095 ut
1837 1056 1957 1095 non
1997 1040 2243 1113 propter

208 1127 353 1185 alias
421 1134 634 1187 causas
700 1128 972 1186 dominus
1038 1127 1264 1187 dedisse
1338 1126 1631 1199 uideatur,
1704 1126 1804 1185 sed
1878 1127 2023 1202 quia
2089 1126 2242 1185 hanc

207 1235 438 1292 semper
495 1235 701 1276 seruus
757 1216 1034 1275 habuerit
1086 1216 1150 1274 in
1204 1216 1511 1275 seruitutis
1562 1215 1905 1274 condicione
1966 1216 2238 1274 uolunta·
2271 1235 2321 1274 ιο

206 1308 342 1379 tem,
390 1306 730 1364 liberaliter
784 1308 983 1364 omnia
1039 1325 1190 1381 quae
1244 1308 1409 1364 iussa
1453 1305 1691 1363 fuerant
1736 1306 2105 1381 perimplere.
2156 1337 2236 1344 —

108 1395 175 1451 39
210 1387 291 1452 12
333 1413 510 1460 QVOD
546 1414 737 1455 HABVI
775 1413 1032 1455 SVMMVM
1067 1414 1340 1455 PRETIVM
1377 1412 1670 1453 PERsotm
1706 1412 1832 1451 r1131
1859 1395 2056 1470 ipsum
2087 1389 2237 1470 ‘pre-

206 1478 377 1542 fium'
429 1484 587 1542 dixit
623 1485 978 1544 libertatem.
1051 1485 1138 1542 ita
1186 1484 1514 1542 debitorem
1559 1487 1682 1543 iam
1732 1502 1970 1543 seruum
2011 1483 2094 1541 ad
2139 1484 2239 1542 do—

204 1574 349 1632 mini
416 1573 619 1632 officia
674 1574 832 1647 fecit,
897 1575 1051 1632 sicut
1104 1574 1168 1631 in
1224 1592 1395 1632 seruo
1444 1573 1718 1632 dominus
1776 1573 1934 1647 quod
1990 1572 2241 1631 debebat

108 1664 174 1718 40
208 1664 447 1722 exoluit.
498 1694 587 1702 ——
639 1655 725 1720 13
765 1683 830 1721 IN
878 1681 1158 1722 MEMORIA
1212 1681 1418 1725 ΗΑΒΕΟ
1465 1665 1624 1720 recte
1672 1670 1974 1719 seruatum
2030 1681 2065 1720 a
2122 1680 2238 1720 ser·
2271 1681 2321 1721 15

205 1771 298 1825 u0,
362 1756 437 1811 ut
513 1746 602 1810 ‘in
672 1754 960 1811 memoria
1032 1747 1241 1810 habeo’
1310 1752 1555 1810 diceret:
1629 1769 1819 1825 neque
1902 1751 2055 1807 enim
2141 1749 2241 1809 do-

206 1844 363 1900 mino
419 1842 641 1900 referre
688 1843 915 1919 gratias
959 1844 1176 1917 potest,
1231 1841 1347 1899 nisi
1404 1842 1531 1899 sola
1584 1841 1848 1913 priorum
1908 1840 2239 1898 officiorum

205 1931 511 1991 restitutio
568 1931 632 1989 in
685 1930 972 1990 memoria
1025 1933 1447 2006 perseueraret.
1502 1961 1591 1969 —
1644 1947 1811 1988 HAv'r
1868 1947 2035 1989 Mvro
2092 1930 2239 1988 mihi

207 2020 447 2080 uidetur
492 2020 640 2080 iuris
686 2022 983 2079 rationem
1026 2020 1341 2095 respicere:
1388 2022 1662 2098 ingratus
1724 2020 1881 2077 enim
1926 2018 2076 2076 liber
2121 2038 2238 2078 ser-

208 2129 314 2169 uus
364 2130 402 2168 a
449 2112 703 2184 patrono
750 2110 1020 2168 reuocari
1066 2109 1130 2166 in
1184 2110 1535 2168 seruitutem
1595 2110 1807 2184 potest.
1854 2140 1943 2148 —
1990 2127 2238 2167 GAVDEO
2270 2130 2321 2169 zo

210 2215 261 2256 s1
306 2218 435 2257 TIBI
478 2217 629 2263 QVID
664 2216 807 2256 mm
845 2217 965 2256 AVT
1000 2217 1167 2256 Facto
1207 2217 1357 2263 ovoo
1396 2217 1654 2256 PLAGEAT
1691 2216 1827 2255 smo
1861 2197 2241 2256 uehementer

209 2304 415 2347 seruus
483 2306 544 2346 se
600 2286 859 2364 gaudere
916 2287 1084 2361 dixit,
1150 2289 1201 2346 si
1266 2307 1336 2344 ex
1391 2287 1566 2345 factis
1622 2287 1862 2346 domino
1917 2286 2241 2345 reddiderit

206 2378 600 2436 uoluntatem.
695 2380 757 2435 et
819 2378 998 2435 simul
1075 2376 1190 2435 duo
1255 2379 1526 2451 tempora
1590 2376 1922 2451 coniunxit,
1981 2377 2051 2434 ut
2123 2396 2241 2434 non

108 2449 177 2504 42
209 2468 403 2525 solum
448 2466 674 2540 fecisse,
724 2467 823 2525 sed
871 2468 931 2524 et
966 2467 1264 2523 facturum
1315 2483 1439 2524 esse
1483 2465 1823 2524 declararet
1856 2498 1940 2505 —
1995 2458 2083 2523 15
2131 2485 2239 2524 AD-

208 2574 456 2615 vssnva
504 2574 581 2612 'rm
639 2555 827 2631 apud
883 2558 950 2613 te
997 2553 1472 2631 intelligendum.
1566 2554 1808 2629 quidam
1864 2557 2039 2629 enim,
2095 2574 2239 2631 quo·
2269 2575 2320 2616 25

209 2647 367 2703 niam
422 2660 609 2719 supra
666 2647 746 2716 (υ.
799 2644 907 2717 11)
974 2644 1205 2702 dixerat
1270 2638 1446 2716 quod
1511 2642 1809 2701 seruiebas
1873 2640 2218 2703 liberaliter’
2225 2688 2240 2717 ,

210 2734 316 2793 hoc
382 2733 733 2810 intelligunt
791 2728 880 2791 ‘ut
951 2733 1137 2791 libere
1203 2750 1425 2805 quoque
1489 2732 1710 2791 diceres
1794 2751 1943 2806 quae
2019 2732 2239 2791 sentias

212 2827 261 2880 et
321 2824 643 2899 propterea
706 2840 882 2881 uoces
948 2842 1018 2881 ex
1089 2822 1240 2880 liber
1244 2824 1366 2880 tate
1432 2822 1700 2896 prolatas
1773 2821 1837 2878 in
1910 2820 2239 2880 conuicium

389 2998 420 3045 2
461 2991 571 3046 feci
611 2992 882 3064 (inquit)
913 3013 949 3044 α
977 2993 995 3061 ΙΙ
1024 2998 1054 3043 3
1085 2991 1235 3073 enim
1264 3012 1300 3043 α
1329 2993 1348 3061 ΙΙ
1379 2996 1407 3043 7
1448 2991 1616 3061 Qvon]
1647 2990 1780 3057 quia
1810 2992 1927 3045 LB
1949 2991 2000 3042 V
2020 2992 2039 3059 ΙΙ
2069 2994 2100 3042 8
2130 3007 2240 3042 non

212 3072 257 3119 et
295 3070 327 3118 9
369 3063 629 3117 dominus
667 3079 768 3117 om.
801 3065 853 3117 L
880 3066 898 3132 ΙΙ
927 3068 957 3115 9
998 3063 1118 3133 sed]
1156 3062 1266 3116 nisi
1306 3084 1343 3115 α
1371 3065 1389 3132 ΙΙ
1419 3068 1482 3115 11
1521 3061 1750 3115 fuerunt
1780 3062 1914 3127 LG,
1953 3061 2113 3116 erant
2143 3061 2204 3114 F
2232 3062 2235 3132 ῐ

213 3134 524 3204 adimplere
558 3136 625 3200 G,
662 3134 897 3202 implere
932 3154 968 3186 α
995 3136 1014 3203 ΙΙ
1045 3139 1108 3186 12
1146 3134 1358 3205 ipsum]
1387 3152 1665 3187 summum
1692 3103 2021 3197 Linden’bm
2059 3132 2242 3200 ipsam

214 3208 420 3262 Schoell
462 3209 481 3274 ΙΙ
529 3212 594 3259 13
626 3205 770 3277 (et)
799 3206 883 3259 ita
912 3226 948 3258 α
994 3211 1013 3274 ΙΙ
1060 3211 1126 3258 14
1164 3205 1302 3258 fecit
1340 3205 1526 3259 officia.
1565 3226 1601 3257 α
1643 3208 1650 3274 Ι
1693 3203 1937 3258 debebat
1971 3174 2240 3273 δὀὴορεπι

214 3277 462 3332 habebat
495 3278 647 3332 codd.
690 3279 709 3345 ΙΙ
753 3282 817 3329 17
856 3276 1067 3345 poterit
1109 3276 1176 3341 G,
1214 3279 1405 3345 posset
1442 3298 1478 3329 α
1511 3278 1518 3344 Ι
1553 3275 1672 3329 sola
1708 3275 1953 3344 priorum
1990 3276 2058 3341 G,
2097 3274 2240 3329 sola-

215 3350 430 3402 tionum
460 3352 529 3415 L,
560 3348 741 3402 soluc-
769 3337 831 3402 F
858 3350 877 3417 n
916 3353 979 3401 19
1008 3348 1285 3416 respicere
1313 3348 1643 3402 Lindenbrae
1693 3348 1843 3414 insp-
1874 3347 2023 3401 codd.
2060 3348 2068 3414 Ι
2100 3346 2243 3400 liber

217 3420 431 3491 seruus]
462 3420 698 3477 libertus
728 3440 764 3472 α
792 3422 810 3488 ΙΙ
840 3425 905 3472 22
945 3419 1111 3473 factis
1143 3418 1345 3489 (suis)
1381 3419 1590 3471 domini
1631 3440 1667 3471 α
1696 3422 1713 3486 ΙΙ
1743 3424 1809 3471 23
1847 3418 2032 3471 iunxit
2069 3438 2106 3469 α
2139 3421 2145 3485 Ι
2177 3422 2242 3471 ut

215 3509 311 3546 om.
330 3492 456 3547 LF
476 3494 495 3559 ΙΙ
524 3497 592 3544 24
622 3491 768 3563 (se)
792 3506 911 3544 esse
939 3492 990 3543 V
1009 3494 1027 3561 ΙΙ
1056 3497 1123 3544 25
1152 3488 1587 3569 intelligendum
1608 3490 1778 3561 (est)
1800 3491 1855 3544 B
1884 3491 1901 3557 ΙΙ
1930 3494 1996 3541 27
2028 3488 2241 3542 diceres

217 3565 351 3631 LF,
379 3566 559 3616 -ceret
596 3584 632 3615 α
658 3563 710 3617 G
758 3565 765 3631 1
817 3562 1025 3616 sentias
1064 3563 1292 3618 Schoell.
1323 3562 1425 3614 -tit
1462 3559 1687 3629 (-tiebat
1723 3581 1759 3612 α
1779 3562 1861 3629 F)
1900 3560 2000 3612 has
2040 3559 2192 3612 codd.
2223 3563 2238 3626 ῃ

219 3640 281 3688 28
319 3637 379 3689 et
406 3642 534 3703 post
569 3636 868 3703 propterea
905 3635 1078 3700 codd,
1107 3640 1316 3700 transp.
1348 3632 1569 3687 Schoell.
