2661 3940
924 286 953 344 ξ
994 286 1041 334 1.
1097 279 1195 332 DE
1233 278 1656 334 EVGRAPHIO
2229 281 2282 334 V

225 452 451 524 potest,
506 447 670 523 quod
719 448 1097 525 Eugraphius
1149 452 1569 526 argumentum
1616 449 1992 525 singularum
2039 467 2280 509 scaena.-

227 558 368 596 rum
397 556 827 613 saepenumero
858 537 933 594 ad
959 537 1222 612 primum
1251 556 1497 596 scaenae
1526 555 1765 597 versum
1793 537 2099 612 indicavit,
2124 538 2282 597 sicut

231 626 418 685 etiam
444 629 510 685 in
547 625 976 685 recentioribus
1016 627 1366 686 commentis
1405 627 1479 685 ad
1518 627 1776 702 primum
1815 627 2278 704 uniuscuiusque

231 734 487 777 scaenae
525 735 764 774 versum
802 719 1217 793 argumentum
1256 718 1594 790 prosaicum
1632 716 1758 775 sive
1798 717 2279 791 explanationem

227 804 686 881 praeambulam
732 804 1068 863 invenimus
1109 798 1208 885 (cf.
1242 805 1469 879 Schlee,
1506 804 1700 864 Schol.
1732 806 1861 864 Ter.
1894 808 2006 879 433
2037 807 2119 863 48
2142 799 2279 887 sq).

233 893 369 963 Qua
407 896 608 953 aetate
646 895 866 952 vixerit
891 895 1295 972 Eugraphiu5‚
1333 894 1451 953 nisi
1489 895 1844 953 coniecturis
1884 897 2121 970 assequi
2157 915 2279 954 non

230 1002 572 1060 possumus,
647 983 903 1041 Videtur
950 987 1149 1042 autem
1187 974 1426 1043 ¹Donati
1473 985 1807 1042 commento
1855 1002 1997 1042 usus
2047 1003 2172 1043 esse
2213 985 2278 1043 in

234 1074 323 1131 eis
373 1075 531 1131 certe
578 1071 868 1148 partibu8‚
916 1092 1069 1148 quae
1116 1092 1234 1131 non
1284 1073 1361 1130 ad
1406 1074 1767 1132 rhetoricam
1803 1073 2142 1131 fabularum
2180 1093 2275 1132 ex·

231 1162 618 1238 positionem,
675 1161 778 1220 sed
825 1161 900 1220 ad
946 1160 1507 1238 interpretationem
1556 1162 1871 1221 verborum
1922 1181 1993 1220 ac
2042 1164 2275 1221 senten-

232 1253 460 1309 tiarum
500 1252 805 1325 pertinent
832 1242 932 1331 (cf.
967 1249 1274 1310 Gerstenb.
1308 1253 1420 1325 333
1450 1253 1740 1325 46—563
1768 1251 2026 1310 Karsten
2059 1253 2278 1310 133—

239 1342 395 1412 1383
446 1340 615 1398 Dorn
655 1343 765 1414 213
816 1342 926 1414 333
976 1342 1088 1415 393
1137 1343 1222 1400 40
1270 1341 1405 1400 adn.
1450 1344 1513 1416 13
1562 1341 1663 1413 al.;
1710 1341 1939 1400 Wessn.
1978 1341 2123 1416 Asp.
2166 1343 2277 1411 31;

233 1429 392 1488 Mus.
431 1430 544 1487 Rh.
584 1421 760 1510 224).
845 1429 1166 1490 Praeterea
1215 1431 1375 1489 inter
1423 1431 1839 1508 Eugraphium
1891 1434 1951 1489 et
2003 1430 2278 1489 Servium

236 1518 477 1594 aliquot
513 1519 659 1577 locis
707 1522 880 1577 tanta
927 1519 1258 1579 similitudo
1296 1521 1688 1598 cognoscitur,
1726 1522 1795 1577 ut
1837 1520 1961 1577 iam
2003 1518 2276 1579 Gersten-

233 1608 384 1685 berg
424 1599 537 1687 (36
561 1599 719 1686 sqq.)
757 1609 1041 1668 statuerit
1081 1608 1155 1668 ab
1192 1609 1300 1667 illo
1343 1611 1742 1668 commentum
1779 1609 2026 1683 aliquod
2064 1608 2274 1685 Vergi-

234 1698 471 1755 lianum
520 1697 856 1756 adhibitum
901 1717 1055 1771 esse,
1101 1701 1226 1758 sive
1278 1697 1346 1757 id
1392 1698 1587 1757 Servii
1631 1697 1814 1757 fuerit
1859 1698 1984 1756 sive
2031 1696 2276 1771 Donati,

236 1786 344 1862 qui
385 1787 533 1860 quin
578 1786 736 1845 inter
781 1789 1098 1863 primarios
1147 1787 1342 1846 Servii
1385 1788 1580 1846 fontes
1627 1787 1811 1846 fuerit
1856 1786 2101 1846 dubium
2148 1805 2274 1845 esse

234 1894 358 1934 non
405 1878 621 1950 potest.
690 1875 789 1934 Ad
835 1876 1085 1935 eundem
1130 1877 1252 1935 fere
1288 1875 1466 1934 finem
1508 1877 1780 1952 pervenit
1817 1876 2075 1935 Karsten
2114 1868 2271 1957 (133

237 1957 512 2046 —138)‚
560 1965 663 2040 qui
716 1963 1156 2045 Gerstenbergii
1203 1965 1638 2025 dubitationem
1684 1967 1775 2025 ita
1830 1965 2159 2039 submovet,
2206 1967 2276 2024 ut

235 2055 564 2114 contendat
591 2056 1007 2133 Eugraphium
1039 2055 1229 2115 Servii
1268 2056 1539 2133 vestigiis
1575 2056 1886 2129 institisse,
1915 2057 2024 2131 qui
2060 2058 2120 2113 et
2145 2055 2274 2130 ipse

237 2145 468 2203 Donati
494 2144 557 2202 in
577 2145 908 2222 Vergilium
941 2146 1336 2204 commentum
1367 2148 1602 2204 secutus
1632 2144 1727 2204 sit.
1776 2143 1894 2202 Sed
1920 2144 2066 2202 mihi
2092 2145 2276 2203 etiam

237 2237 378 2310 post
412 2234 698 2293 Karsteni
744 2234 1212 2310 disputationem
1257 2253 1351 2293 res
1390 2233 1708 2293 admodum
1744 2235 1971 2292 incerta
2008 2233 2273 2309 videtur;

236 2342 380 2381 nam
427 2342 620 2398 neque
666 2324 891 2383 Donati
937 2326 1337 2381 commentum
1373 2324 1789 2401 Vergilianum
1834 2325 2134 2381 servatum
2182 2327 2276 2381 est

238 2415 300 2470 et
338 2412 605 2471 eiusdem
641 2415 1040 2472 commentum
1069 2413 1495 2471 Terentianum
1532 2433 1677 2471 num
1702 2412 1948 2487 plenum
1976 2415 2155 2485 atque
2182 2412 2273 2469 in-

236 2504 477 2578 tegrum
506 2500 674 2561 nobis
702 2504 940 2577 praesto
970 2504 1068 2574 sit,
1098 2502 1444 2561 etiamnunc
1470 2502 1659 2561 habeo
1700 2501 1856 2576 quod
1892 2501 2274 2559 vehementer

240 2590 525 2648 dubitem.
599 2583 758 2649 Utut
801 2590 1010 2668 igitur·
1037 2594 1147 2665 est,
1193 2591 1306 2649 hoc
1353 2594 1561 2667 negari
1604 2610 1723 2650 non
1759 2608 1931 2665 posse
1966 2591 2115 2665 puto
2152 2591 2271 2647 Eu-

239 2680 562 2757 graphium
601 2681 805 2755 aliqua
852 2699 921 2737 ex
967 2682 1141 2755 parte
1184 2680 1444 2756 pendere
1483 2700 1519 2739 a
1556 2678 1782 2738 Donati
1831 2680 2274 2737 commentariis

239 2768 632 2844 Terentianis,
667 2767 824 2827 unde
861 2768 1118 2828 efficitur
1152 2769 1330 2829 illum
1367 2772 1505 2845 post
1540 2769 1712 2843 hunc,
1753 2766 1817 2826 id
1855 2770 1946 2827 est
1980 2770 2117 2843 post
2154 2787 2271 2826 me-

240 2858 405 2915 dium
443 2858 747 2918 saeculum
786 2862 1066 2934 quartum
1104 2861 1340 2919 vixisse.
1396 2858 1490 2918 Ab
1530 2859 1720 2917 altera
1757 2859 1929 2932 parte
1966 2860 2034 2916 ut
2069 2857 2272 2914 termi-

241 2967 381 3004 num
420 2947 636 3007 aetatis
672 2951 1026 3022 statuamus),
1064 2967 1268 3007 ansam
1306 2948 1480 3007 nobis
1512 2947 1797 3023 praebent
1823 2947 2054 3023 glossae
2093 2964 2270 3019 quae-

242 3036 379 3094 dam
418 3034 496 3110 (v.
527 3037 676 3095 MuS.
705 3038 894 3096 Rhen.
930 3039 1054 3096 225
1077 3030 1254 3118 sqq),
1294 3055 1447 3112 quae
1492 3038 1581 3095 ita
1628 3055 1762 3096 cum
1799 3033 2134 3113 Eugraphii
2170 3033 2272 3092 ad-

241 3125 652 3184 notationibus
698 3128 1095 3202 consentiunt,
1140 3130 1211 3185 ut
1256 3146 1326 3184 ex
1372 3126 1536 3184 illius
1582 3127 1913 3185 commento
1964 3126 2273 3198 excerptas

240 3214 415 3273 facile
461 3214 578 3272 tibi
622 3215 1011 3290 persuadeast,
1060 3234 1424 3290 quamquam
1460 3217 1587 3274 veri
1629 3214 1821 3273 simile
1860 3231 1977 3270 non
2028 3216 2120 3271 est
2171 3232 2272 3273 eas

240 3306 401 3363 recta
430 3304 531 3362 via
559 3323 591 3363 e
619 3308 955 3363 commento
984 3304 1047 3362 in
1076 3305 1367 3381 glossaria
1393 3304 1505 3362 illa
1532 3297 1645 3383 (ΛΑ
1683 3304 1743 3361 et
1770 3302 2017 3360 Abauus
2046 3295 2272 3382 minor)

240 3394 710 3470 transmigrasse.
756 3394 959 3469 Atque
988 3413 1121 3452 cum
1149 3393 1402 3452 alterum
1435 3393 1809 3471 glossarium,
1838 3391 1997 3466 quod
2022 3390 2272 3450 Abauus

241 3483 475 3556 dicitur,
512 3481 723 3541 Loewe
762 3481 995 3563 (Prodr.
1025 3482 1199 3559 gloss,
1232 3484 1311 3540 96
1337 3474 1453 3562 sq.)
1492 3481 1782 3540 Prisciani
1828 3480 1950 3538 fere
1988 3482 2269 3554 tempori-

237 3572 345 3631 bus
394 3572 730 3630 confectum
768 3591 893 3632 esse
932 3573 1269 3629 coniectura
1316 3572 1464 3630 satis
1509 3569 1804 3646 probabili
1846 3569 2142 3639 statuerit,
2182 3584 2268 3623 se-

240 3662 449 3736 quitur
476 3663 546 3719 ut
571 3661 989 3738 Eugraphium
1019 3660 1397 3736 aliquantum
1434 3662 1570 3718 ante
1608 3658 1922 3733 septimum
1963 3653 2264 3712 saeculum
