2661 3940
395 217 481 281 32
970 216 1346 270 EVGRAPHI
1383 180 1852 270 COMMENTVM

395 405 626 461 semper
678 387 742 443 in
789 387 1076 461 petitione
1133 404 1258 445 esse
1306 386 1628 445 docuimus,
1721 385 1902 444 habet
1953 388 2013 444 et
2064 386 2431 461 principium

229 478 359 533 319
397 475 475 533 ad
509 474 977 534 beniuolentiam
1024 476 1454 535 conciliandam
1489 466 1765 549 precibus
1831 468 1919 533 19
1976 493 2060 533 AD
2117 494 2194 532 ΤΕ
2240 493 2430 534 vnmo

394 583 553 625 SPEM
610 582 885 624 SALVTEM
941 583 1246 622 Amastrin
1305 560 1710 643 C<0NSILIVM>
1774 566 2152 623 expavens*
2254 563 2431 621 Pam-

393 653 592 730 philus
648 656 894 729 propter
949 672 1209 712 amorem
1269 673 1444 713 suum
1502 654 1664 713 istud
1720 653 1896 712 aliter
1950 653 2170 728 accipit
2233 656 2293 710 et
2337 671 2428 711 re-

227 745 355 802 320
395 742 647 818 spondet
705 735 796 801 20
847 762 1050 809 NEQVE
1116 762 1234 802 POL
1292 761 1558 804 consum
1604 760 1812 804 LocvM
1854 761 2060 801 nmmo
2107 759 2306 806 NEQVE
2349 760 2432 798 AD
2490 761 2515 801 5

395 851 432 889 A
447 851 697 890 VXILIVM
741 850 963 890 GOPIAM.
1019 834 1355 909 interrogat
1407 837 1607 892 tamen
1662 833 1791 906 ille,
1854 833 2134 907 quoniam
2179 831 2429 906 pudoris

394 922 593 980 fuerat
639 920 830 981 dicere
879 916 1145 980 ‘uxorem
1189 924 1358 981 tuam
1405 918 1633 998 diligo'.
1727 923 1890 998 prius
1935 923 2285 998 interrogat,
2350 940 2430 978 an

394 1011 575 1068 ducat
637 1028 897 1069 uxorem.
1006 1011 1314 1086 respondit
1367 1009 1737 1087 Pamphilus,
1798 1010 1957 1087 quod
2015 1012 2079 1068 in
2147 1010 2428 1085 opinione

395 1102 502 1174 est,
550 1102 689 1172 qnia
735 1119 853 1159 non
900 1104 983 1159 est
1024 1103 1085 1158 in
1136 1102 1261 1159 eius
1307 1100 1637 1160 uoluntate.
1685 1100 1960 1177 adiungit
2007 1098 2297 1158 Charinus
2346 1099 2431 1156 ad

226 1190 358 1247 322
392 1191 851 1262 impetrationem
886 1190 1049 1248 uitae
1089 1208 1228 1248 suae
1264 1190 1622 1265 periculum:
1679 1182 1767 1247 22
1819 1207 1875 1249 SI
1918 1207 1985 1247 ID
2022 1205 2200 1248 FAOIs
2237 1189 2432 1259 inquit
2461 1208 2521 1248 ιο

395 1297 580 1335 RODIE
624 1296 976 1337 POSTREMVM
1014 1298 1100 1337 m:
1144 1297 1327 1337 VJDES.
1420 1279 1521 1337 sed
1565 1279 1970 1356 interrogatus
2018 1297 2054 1336 a
2089 1277 2428 1352 Pamphilo,

394 1386 498 1426 cur
542 1368 704 1426 istud
752 1368 985 1442 dixerit,
1031 1368 1255 1444 pudore
1304 1368 1707 1427 confunditur.
1791 1368 2013 1445 allegat
2059 1386 2313 1440 seruum,
2361 1370 2432 1424 at

392 1459 516 1530 ipse
570 1459 739 1515 dieat.
832 1475 1037 1517 seruus
1102 1476 1243 1517 uero
1309 1458 1588 1532 callidus,
1652 1477 1725 1515 ne
1789 1459 1984 1515 minus
2048 1454 2425 1531 impetrabile

394 1550 564 1619 esset,
611 1550 769 1604 certe
807 1547 1317 1620 contumeliosum,
1365 1547 1415 1606 si
1453 1547 1672 1606 diceret
1710 1541 1899 1605 ‘amat
1932 1565 2176 1604 uxorem
2212 1540 2426 1618 tuam',

226 1636 356 1693 324
398 1627 490 1692 24
539 1654 817 1695 sponsa
854 1636 1052 1711 inquit
1096 1654 1267 1695 ’ΝΛΜ
1303 1654 1474 1694 ΑΜΑΤ
1519 1636 1632 1696 hoc
1670 1639 1761 1694 est
1808 1639 1985 1695 enim:
2034 1653 2185 1711 quae
2232 1633 2425 1692 adhuc
2461 1654 2520 1694 15

393 1726 498 1783 tibi
543 1744 690 1783 uxor
735 1744 852 1783 non
900 1727 1007 1799 est,
1055 1725 1210 1784 unde
1258 1725 1543 1784 adulterii
1588 1725 1755 1783 nulla
1802 1726 2059 1801 suspicio
2107 1725 2203 1797 sit,
2262 1723 2426 1798 quod

394 1814 502 1872 illa
576 1809 838 1888 ‘sponsa'
915 1818 1028 1889 est,
1103 1815 1199 1873 hic
1265 1809 1474 1873 ‘amat'
1548 1818 1801 1873 tantum.
1911 1814 2014 1873 sed
2075 1812 2425 1888 Pamphilus
2495 1876 2500 1881 ,

392 1921 617 1961 memor
680 1903 917 1963 consilii
979 1904 1071 1961 sui
1135 1907 1196 1962 et
1258 1903 1590 1963 uoluntatis
1647 1906 1897 1981 quaerit,
1960 1924 2103 1961 num
2164 1900 2424 1961 Charino

394 1994 598 2068 aliqua
662 1993 1022 2053 consuetudo
1089 1994 1167 2052 sit
1234 2012 1368 2053 oum
1424 2014 1509 2053 ea.
1599 1995 1702 2052 hoc
1759 1999 1855 2062 est,
1911 1995 2063 2068 quod
2105 1996 2429 2066 interroqat

225 2082 354 2140 325
396 2075 486 2141 25
528 2101 661 2140 mm
704 2100 735 2147 Q
750 2102 975 2141 VIDNAM
1013 2103 1272 2141 AMPLIVS
1318 2104 1444 2142 ΤιΒι
1487 2102 1608 2142 CVM
1649 2103 1783 2141 ILLA
1832 2081 1973 2141 mr
2019 2100 2277 2141 CHARINE
2310 2081 2425 2140 hoc
2458 2103 2520 2143 so

395 2175 509 2231 est:
580 2190 725 2230 num
789 2191 919 2231 cum
981 2173 1089 2231 illa
1152 2174 1620 2232 consuetudinem
1684 2173 2048 2245 copulaueris
2102 2173 2423 2244 affectatae.

393 2260 495 2319 sed
553 2259 844 2321 Charinus
909 2262 1173 2321 nesciens
1228 2264 1551 2336 consilium,
1618 2282 1721 2321 cur
1784 2263 1896 2320 hoc
1957 2262 2426 2338 interrogauerit

390 2349 758 2426 Pamphilus,
806 2351 1160 2428 simpliciter
1194 2355 1377 2429 negat
1412 2352 1653 2410 factum.
1728 2350 1970 2410 uolebat
2006 2353 2210 2409 autem
2245 2349 2422 2407 Pam-

391 2440 589 2515 philus
628 2457 865 2499 causam
902 2440 1179 2516 reperire,
1216 2459 1321 2499 cur
1358 2460 1488 2499 eam
1523 2460 1643 2500 non
1681 2440 1923 2501 duceret
1949 2458 2209 2513 uxorem,
2245 2457 2427 2511 qaam

389 2530 642 2588 nolebat:
702 2525 729 2571 †
746 2531 875 2589 ideo
920 2534 1105 2603 neyat.
1195 2531 1297 2588 sed
1343 2525 1499 2602 quod
1558 2530 1728 2588 nulla
1791 2529 2137 2588 consuetudo
2197 2530 2426 2603 fnisset,
2455 2549 2516 2589 2⁵

393 2717 473 2770 α*
393 2718 566 2789 α[3]
605 2717 698 2771 hic
744 2717 958 2787 figurae
1005 2719 1135 2770 sunt
1188 2716 1626 2787 homoeoptoton
1674 2720 1808 2786 (om-
1837 2719 1977 2785 BV,
2024 2715 2322 2784 amoetipt-
2351 2716 2421 2786 S)

604 2788 698 2843 uel
734 2788 1068 2858 polyptoton
1107 2787 1340 2858 (polipt-
1368 2790 1553 2854 codd.;
1591 2791 1660 2855 cf.
1695 2789 1970 2843 Gerstenb.
1993 2806 2053 2857 p.
2085 2793 2194 2854 81).

476 2963 484 2972 ’
574 2974 601 3020 1
640 2967 701 3020 in
728 2967 1003 3034 petitione
1028 2968 1329 3022 Gerstenb.:
1359 2967 1814 3035 impetrationem
1835 2966 2123 3036 (imperat-
2141 2968 2213 3034 L)
2232 2967 2386 3021 codd.
2411 2967 2417 3038 Ι

391 3038 565 3093 habet
593 3041 650 3092 et
673 3039 739 3106 G,
768 3038 942 3093 habet
972 3039 1104 3105 LF,
1134 3039 1285 3106 quod
1314 3039 1490 3092 habet
1516 3059 1553 3092 α
1589 3041 1607 3107 ΙΙ
1645 3044 1675 3092 2
1706 3038 1944 3092 aduenio
1975 3060 2011 3092 α
2038 3040 2057 3107 ΙΙ
2086 3044 2116 3090 3
2147 3037 2422 3091 auxilium

394 3110 632 3164 salutem
660 3111 781 3180 (om
804 3109 1116 3172 consilium)
1147 3111 1181 3180 β
1213 3112 1219 3178 Ι
1255 3109 1547 3181 (deinde)
1576 3109 1898 3178 pamphilus
1926 3131 1963 3163 α
1990 3113 2009 3179 ΙΙ
2038 3116 2069 3163 5
2096 3128 2198 3163 ron
2226 3127 2327 3164 om.
2350 3110 2386 3181 β
2403 3111 2422 3180 ΙΙ

394 3184 425 3231 6
455 3181 645 3250 copias
665 3181 717 3233 L
745 3182 763 3250 ΙΙ
792 3185 822 3233 8
854 3181 1025 3234 ducat
1045 3182 1193 3250 (add.
1207 3198 1329 3235 eam
1346 3182 1428 3250 F)
1450 3183 1511 3236 F
1520 3183 1586 3246 G
1609 3180 1750 3252 duce
1771 3182 1840 3249 L,
1862 3184 2037 3235 —ceret
2056 3203 2093 3234 α
2119 3184 2137 3249 ΙΙ
2169 3187 2233 3234 12
2264 3181 2422 3233 dixe-

391 3249 468 3304 ris
497 3272 533 3304 α
566 3255 573 3320 Ι
616 3251 817 3321 alligat
854 3253 888 3322 β
922 3254 939 3320 ΙΙ
979 3258 1044 3305 14
1083 3252 1218 3324 <si>
1257 3251 1484 3306 minus?
1518 3255 1537 3321 ΙΙ
1576 3259 1641 3306 14
1680 3255 1827 3307 esset
1864 3255 1971 3322 (est
2000 3253 2098 3324 L)]
2136 3252 2236 3306 sed
2273 3256 2423 3320 (post

394 3324 645 3375 contum·
684 3324 812 3377 add.
844 3326 1085 3392 esset)oc
1119 3327 1125 3393 Ι
1161 3327 1313 3377 amat
1343 3331 1470 3393 post
1505 3328 1664 3378 tuam
1703 3346 1740 3378 α
1777 3327 1794 3393 ΙΙ
1834 3331 1900 3379 15
1939 3253 2106 3394 quae]
2148 3323 2297 3391 quod
2338 3343 2375 3376 α

395 3398 461 3446 16
499 3410 638 3446 uxor
673 3394 781 3448 tibi
818 3396 879 3449 F
890 3396 941 3450 G
981 3399 988 3464 1
1041 3395 1137 3467 sit]
1177 3399 1263 3449 est
1300 3416 1337 3448 α
1402 3398 1419 3465 ΙΙ
1486 3400 1552 3449 18
1589 3414 1724 3449 num
1763 3397 1874 3451 W.:
1913 3412 1983 3448 ne
2022 3396 2071 3465 β,
2109 3397 2297 3448 utrum
2337 3414 2374 3447 α

395 3468 461 3514 20
499 3482 609 3516 nvn
645 3481 745 3518 om.
776 3466 894 3520 LG
927 3470 934 3535 Ι
966 3465 1078 3520 fuit
1114 3485 1238 3520 cum
1276 3466 1380 3521 illa
1410 3468 1463 3520 L
1490 3472 1507 3538 ΙΙ
1536 3473 1603 3520 21
1643 3483 1775 3521 nam
1814 3485 1941 3521 cum
1971 3468 2038 3532 L,
2078 3484 2149 3519 an
2189 3483 2313 3519 cum
2349 3465 2419 3533 G,

393 3533 613 3673 ἓῢῂιιιεέηι
648 3536 764 3658 {dn
811 3542 876 3589 22
917 3540 1039 3610 sed]
1079 3555 1210 3593 uero
1251 3541 1400 3609 (post
1429 3538 1686 3609 Char-a)
1731 3541 1749 3608 ΙΙ
1797 3545 1863 3591 24
1902 3555 2128 3592 causam
2159 3535 2418 3608 <simpli-

426 3621 446 3654 1
476 3620 534 3655 er
606 3621 664 3658 co
