2661 3940
241 1115 299 1279 Nu

370 268 446 321 VI
1174 264 1589 320 PRAEFATIO

360 438 672 512 scripsisse
730 454 1048 495 sumamus,
1140 435 1277 494 Non
1330 435 1522 512 igitur
1576 437 1797 494 temere
1852 435 2046 493 facere
2095 435 2265 494 nobis
2317 435 2406 492 vi-

368 526 575 584 demur
621 524 857 583 exeunti
905 525 1114 599 quinto
1160 525 1258 583 vel
1307 523 1543 583 ineunti
1592 526 1757 584 sexto
1811 523 2047 584 saeculo
2100 527 2406 583 auctorem

367 616 688 674 commenti
726 614 1141 687 adscribentes,
1178 612 1242 671 id
1279 612 1440 688 quod
1477 614 1730 672 suadent
1758 616 1820 672 et
1847 631 2037 672 sermo
2066 613 2408 691 Eugraphii

370 706 429 763 et
457 705 649 764 omnis
680 704 875 780 operis
903 703 1133 761 indoles
1163 706 1346 777 atque
1371 706 1590 762 natura
1611 695 1712 783 (cf.
1732 703 1885 761 Mus.
1905 702 2091 761 Rhen.
2118 704 2243 760 224
2257 718 2406 778 sqq.,

366 811 559 870 praec.
591 794 718 852 228
759 796 819 852 et
858 783 1033 871 365).

1313 896 1456 974 §2

957 1000 1051 1065 De
1095 998 1289 1065 libris
1335 999 1823 1087 manuscriptis,

778 1111 825 1170 Ι.
881 1111 1086 1171 Libri
1129 1113 1469 1171 meliores
1513 1104 1867 1192 (recensio
1906 1105 1991 1192 β).

554 1223 606 1277 1.
648 1218 878 1278 Codex
912 1217 1292 1277 Leidensis
1328 1220 1500 1278 VoSS.
1529 1220 1635 1278 lat.
1666 1217 1733 1288 Q.
1766 1221 1850 1278 34
1879 1219 1998 1278 sX
2034 1219 2405 1279 membrana·

370 1327 504 1368 ceus
544 1309 811 1367 continet
836 1309 939 1366 fol.
967 1310 1180 1366 1—28
1211 1308 1644 1385 Eugraphium,
1674 1328 1853 1384 quem
1881 1311 2163 1368 secuntur
2191 1311 2403 1384 postea

368 1399 607 1456 demum
645 1397 910 1456 adiuncti
939 1397 1251 1456 Terentius
1291 1400 1353 1456 et
1387 1398 1727 1458 Priscianus
1765 1398 1837 1456 de
1875 1397 2080 1456 metris
2120 1398 2403 1457 Terentii.

368 1487 494 1546 Fol.
527 1487 597 1545 gv
623 1487 845 1566 legitur
875 1481 1002 1545 ‘Sci
1031 1487 1188 1562 petri
1213 1481 1608 1546 beluacensis'
1623 1509 1639 1562 3
1668 1487 1874 1545 eadem
1903 1487 2085 1546 verba
2112 1488 2172 1544 in
2205 1488 2403 1546 fronte

369 1576 509 1634 libri
546 1577 689 1634 olim
728 1577 951 1651 scripta
987 1595 1144 1634 nunc
1182 1594 1355 1634 erasa
1391 1579 1548 1649 sunt,
1581 1576 1686 1634 ubi
1711 1578 1903 1635 restat
1931 1575 2058 1634 sola
2088 1576 2402 1635 adnotatio

370 1679 500 1740 exx1
539 1665 700 1760 (ἳῦἧῖ
756 1683 1028 1758 Apparet
1062 1684 1252 1760 igitur
1295 1681 1517 1741 librum
1565 1682 1884 1741 oriundum
1922 1701 2047 1742 esse
2087 1703 2155 1740 ex
2191 1682 2405 1741 biblio-

367 1773 541 1831 theca
579 1771 860 1831 ecclesiae
908 1769 1114 1830 Sancti
1149 1771 1338 1845 Petri,
1376 1790 1529 1846 quae
1568 1774 1698 1830 erat
1741 1773 1805 1828 in
1851 1771 2016 1845 urbe,
2063 1773 2161 1830 cui
2197 1775 2404 1831 nostra

370 1863 566 1919 aetate
624 1879 841 1920 nomen
903 1864 993 1919 est
1055 1860 1370 1920 Beauvais.
1452 1860 1678 1919 Eadem
1742 1863 1807 1919 in
1872 1860 2016 1920 urbe
2076 1865 2253 1920 natus
2315 1865 2403 1921 est

370 1970 420 2010 a.
442 1952 610 2011 1536
632 1951 931 2009 Antonius
955 1949 1292 2025 Loisellius,
1321 1949 1384 2008 in
1414 1952 1579 2009 cuius
1607 1969 1817 2009 manus
1849 1950 2031 2010 codex
2058 1951 2117 2012 L
2144 1950 2403 2026 transiit,

367 2039 432 2099 id
482 2040 639 2116 quod
692 2039 956 2099 declarat
1003 2039 1157 2098 illud
1209 2034 1372 2098 ‘Ant
1414 2033 1664 2099 L'oisel’
1717 2040 1817 2099 fol.
1863 2042 1970 2098 29¹
2016 2040 2399 2115 adscriptum.

369 2129 515 2187 Post
562 2130 811 2187 mortem
861 2127 1149 2203 Loisellii,
1197 2128 1299 2204 qui
1350 2147 1400 2187 a.
1446 2132 1614 2189 1617
1665 2129 1912 2189 Parisiis
1960 2131 2087 2188 vita
2134 2129 2403 2205 decessit,

372 2217 555 2277 codex
603 2219 800 2276 nescio
854 2236 976 2293 qua
1024 2218 1126 2276 via
1175 2217 1252 2276 ad
1300 2217 1580 2276 Isaacum
1623 2217 1906 2277 Vossium
1955 2220 2245 2294 pervenit,
2297 2218 2402 2294 qui

371 2325 504 2366 cum
557 2326 608 2366 a.
652 2308 1001 2365 1641—44
1048 2307 1111 2364 in
1159 2307 1578 2383 Francogallia
1621 2310 1976 2382 versaretur,
2022 2308 2241 2366 librum
2287 2308 2402 2365 sibi

371 2414 742 2471 comparasse
789 2396 1044 2454 videtur.
1118 2395 1214 2453 Ad
1260 2398 1628 2471 postremum
1674 2397 1856 2455 codex
1903 2415 2039 2455 cum
2073 2396 2277 2455 Vossii
2312 2396 2401 2454 bi-

370 2485 687 2559 bliotheca,
722 2485 830 2543 ubi
866 2504 1176 2543 numerum
1222 2487 1453 2560 accepit
1504 2488 1649 2558 189,
1694 2487 1759 2543 in
1803 2485 2225 2545 bibliothecam
2269 2486 2401 2543 uni-

370 2576 675 2633 versitatis
712 2572 1017 2633 Leidensis
1055 2575 1384 2634 translatus
1423 2578 1527 2633 est.
1589 2573 1675 2632 Cf.
1708 2573 1895 2633 Catal.
1935 2573 2100 2633 codd.
2129 2571 2401 2633 Leidens.

369 2684 426 2739 p.
467 2664 613 2722 380.
661 2695 742 2703 -
801 2662 1133 2739 Eugraphii
1186 2666 1584 2722 commentum
1637 2663 1711 2721 ab
1769 2664 1972 2722 eodem
2018 2663 2264 2722 librario
2310 2667 2401 2722 to·-

370 2756 500 2810 tum
555 2752 713 2810 binis
770 2753 1063 2811 columnis
1119 2754 1406 2828 scriptum
1460 2754 1759 2830 integrum
1807 2772 1926 2811 non
1983 2754 2099 2811 est:
2164 2755 2402 2812 exstant

371 2841 527 2900 enim
564 2842 978 2900 tantummodo
1018 2844 1418 2900 commentum
1450 2841 1716 2900 Andriae
1746 2835 1815 2923 (f.
1841 2834 2161 2921 1¹²—12²)‚
2191 2857 2400 2900 comm.·

370 2931 644 2990 Eunuchi
670 2949 857 3005 usque
888 2930 963 2989 ad
990 2930 1046 2986 V
1079 2932 1135 3005 6,
1160 2933 1243 2990 20
1271 2933 1368 2990 oui
1392 2932 1496 2989 hoc
1533 2934 1617 2990 est
1640 2931 1934 2990 indicante
1963 2924 2030 3011 (f.
2066 2933 2256 2990 12¹—
2269 2932 2401 3005 20¹²,

370 3020 475 3078 ubi
521 3020 874 3079 adnotatum
919 3024 1010 3079 est
1057 3014 1300 3079 ‘desunt
1345 3023 1635 3095 quattuor
1679 3013 1899 3099 folia'),
1957 3038 2166 3079 comm.
2204 3020 2404 3107 Heau:

370 3111 522 3167 tont.
559 3109 697 3167 inde
746 3108 818 3167 ab
857 3108 951 3167 ΙΠ
992 3111 1150 3183 2,13
1192 3127 1517 3183 pauperem
1560 3127 1720 3168 numo
1754 3126 1894 3167 uero
1932 3102 2001 3190 (f.
2036 3101 2399 3189 211—24u),

370 3216 579 3257 comm.
629 3197 1003 3257 Phormionis
1063 3216 1249 3273 usque
1305 3198 1383 3256 ad
1436 3198 1523 3256 IV
1565 3200 1623 3272 3,
1664 3202 1696 3257 1
1757 3201 2009 3272 accipiat
2061 3201 2246 3257 dotem
2299 3200 2401 3257 hoc

373 3291 566 3345 autem
630 3277 708 3367 (f.
765 3278 1162 3369 24“-28“).
1279 3286 1553 3346 Codicem
1626 3289 1928 3366 integrum
2002 3290 2400 3346 commentum

373 3375 518 3433 olim
569 3375 927 3435 continuisse
977 3375 1110 3436 ueri
1158 3379 1249 3436 est
1298 3376 1698 3451 simillimum,
1754 3379 2038 3453 quattuor
2090 3376 2201 3434 illa
2254 3376 2398 3435 folia

374 3483 417 3522 S.
454 3464 627 3523 XVII
677 3463 756 3521 in.
802 3466 926 3523 iam
977 3465 1231 3525 defuisse
1281 3466 1420 3524 inde
1472 3469 1740 3542 apparet,
1792 3465 1951 3541 quod
2001 3464 2399 3541 Lindenbrog,

376 3555 480 3627 qui
524 3554 682 3611 hunc
727 3553 948 3612 librum
994 3556 1284 3629 adhibuit,
1334 3575 1403 3615 ea
1451 3575 1601 3632 quae
1646 3554 1783 3614 inde
1831 3555 1904 3614 ab
1951 3556 2102 3614 Eun.
2132 3555 2187 3611 V
2228 3556 2284 3630 6,
2316 3557 2393 3614 21

374 3661 563 3718 usque
604 3643 680 3701 ad
715 3642 934 3702 Heaut.
963 3644 1057 3703 ΠΙ
1098 3648 1154 3721 2,
1181 3648 1258 3705 13
1293 3644 1547 3719 exhibet,
1585 3663 1655 3703 ex
1694 3637 1815 3703 alio
1846 3644 2045 3705 codice
2075 3643 2401 3721 desumpsit
