2661 3940
414 240 499 303 34
983 235 1361 291 EVGRAPHI
1398 236 1869 292 COMMENTVM

414 409 569 467 unde
615 408 730 468 sibi
775 409 951 467 huius
999 409 1196 485 gratia
1243 408 1542 467 debeatur.
1636 428 1779 487 ergo
1825 427 1962 467 eum
2007 408 2118 466 hoe
2174 409 2278 466 tibi
2322 427 2445 475 non

411 501 724 574 praestem,
770 498 910 556 nolo
956 499 1103 555 mihi
1150 496 1362 556 debeas
1409 500 1684 574 gratiam,
1730 501 1950 575 quippe
1998 518 2132 558 eum
2179 517 2290 576 ego
2333 497 2446 556 has

413 589 656 662 nuptias
694 586 877 644 uelim
905 587 1113 663 fugere
1144 587 1250 660 ita,
1281 587 1782 662 quemadmodum
1818 592 1885 647 tu
1923 588 2189 664 adipisci.
2239 605 2447 662 quare,

414 679 484 736 ut
528 679 820 751 coeperat,
871 674 1160 734 Charinus
1206 677 1435 752 gratias
1482 678 1623 753 agit.
1709 678 1811 737 sed
1855 677 2205 753 Pamphilus
2241 677 2446 734 horta-

411 768 529 839 tur,
575 767 645 824 ut
690 770 743 823 et
782 766 911 840 ipse
959 762 1249 823 Charinus
1296 768 1358 822 et
1402 764 1619 840 Byrria
1663 767 1891 826 faciant
1934 766 2167 844 fingant
2220 766 2449 837 aliquid
2505 788 2532 827 5

414 856 720 912 ¹{maceniam
764 856 1039 926 efficiant,
1086 856 1157 911 ut
1202 852 1460 913 Charino
1518 856 1705 914 detur.
1782 875 1954 915 suum
2001 855 2264 914 officium
2319 871 2449 912 esse

414 944 561 1002 dicit
613 944 674 1001 id
722 962 782 1002 se
826 942 1115 1017 laborare,
1165 947 1235 1001 ut
1281 942 1398 1001 sibi
1451 964 1572 1004 non
1628 946 1826 1004 detur:
1880 962 1999 1002 non
2046 947 2199 1003 enim
2249 960 2449 1017 seque-

416 1035 604 1101 batur,
668 1036 750 1101 at,
813 1035 867 1091 si
918 1033 1263 1106 Pamphilus
1328 1049 1457 1091 eam
1509 1051 1628 1092 non
1682 1035 1925 1102 duceret,
1990 1034 2286 1093 Charinus
2339 1033 2449 1090 da·
2535 1075 2539 1079 -

415 1127 573 1180 caret.
682 1123 786 1180 hoe
844 1124 1026 1194 iyitur
1092 1126 1296 1189 monet,
1362 1128 1428 1180 ut
1479 1123 1577 1181 ille
1648 1128 1818 1196 atque
1883 1125 2005 1182 eius
2073 1140 2282 1182 seruus
2344 1122 2451 1179 hoc

415 1213 632 1271 laboris
675 1213 1015 1284 suscipiant,
1052 1216 1119 1269 ut
1160 1213 1285 1283 ipse
1330 1211 1537 1283 daeat,·
1579 1230 1754 1271 suum
1799 1214 2060 1286 officim
2108 1228 2226 1270 esse
2271 1211 2449 1268 Pam-
2481 1235 2537 1273 10

402 1300 606 1374 philus
652 1301 793 1358 dicit
835 1301 1104 1359 laborare
1148 1317 1224 1376 se,
1269 1305 1337 1358 ut
1378 1319 1497 1358 non
1543 1303 1732 1360 ducat.

1409 1627 1463 1682 2.

243 1751 375 1806 338
593 1739 629 1804 l
680 1767 746 1804 DI
792 1765 938 1806 nom
984 1766 1130 1806 nom
1178 1765 1327 1813 Qvn)
1374 1767 1578 1807 Poa'ro
1624 1750 1771 1807 haee
1816 1767 2029 1808 scaena
2077 1749 2444 1807 coniectura-

413 1837 530 1894 lem
577 1839 801 1895 statum
853 1839 1019 1894 tenet
1062 1841 1397 1914 propterea,
1445 1837 1724 1913 quoniam
1774 1837 2097 1913 quaeritur,
2144 1855 2221 1895 an
2278 1835 2444 1894 Simo

411 1944 582 1986 ueras
645 1927 888 2002 nuptias
954 1927 1033 1985 sit
1087 1926 1262 1985 hodie
1319 1928 1601 1987 facturus
1703 1927 1878 1986 huius
1941 1926 2030 1986 rei
2091 1928 2443 2005 argumenta

411 2014 621 2074 Dauus
668 2034 872 2075 seruus
921 2014 1138 2075 callida
1194 2019 1320 2075 arte
1369 2018 1616 2094 collegit
1668 2018 2027 2092 probaturus
2083 2016 2265 2074 falsas
2322 2033 2444 2074 esse
2476 2037 2534 2077 15

411 2107 667 2180 nuptias.
760 2105 905 2163 haee
949 2106 1157 2163 multis
1203 2106 1349 2164 loeis
1397 2106 1809 2180 exprimemus
1902 2124 1971 2163 ae
2027 2105 2287 2181 primum
2341 2123 2442 2181 ge-

411 2194 694 2253 neraliter
730 2194 1016 2270 gaudium
1053 2212 1226 2251 suum
1262 2199 1632 2270 protestatur
1666 2195 2048 2270 Pamphilum
2087 2192 2439 2270 quaerendO.

242 2286 375 2343 339
410 2315 500 2323 --
547 2276 587 2341 2
627 2302 708 2342 v'r
747 2299 962 2342 METVM
999 2302 1063 2341 IN
1105 2300 1226 2349 Qvo
1263 2302 1426 2344 NVNC
1466 2303 1578 2343 Es'r
1624 2302 1870 2341 ADIMAM
1909 2302 2111 2349 ATQVE
2150 2301 2442 2340 EXPLEAM

412 2391 654 2432 ANIMVM
700 2390 933 2431 GAvmo
991 2371 1256 2431 ordinem
1312 2377 1373 2431 et
1425 2374 1719 2432 rationem
1773 2373 2001 2449 posuit:
2058 2373 2224 2447 prius
2281 2373 2442 2429 enim

411 2461 473 2519 id
521 2461 680 2537 quod
725 2462 950 2519 malum
997 2464 1087 2520 est
1131 2461 1304 2520 debet
1351 2462 1599 2536 excludi,
1654 2465 1724 2522 ut
1776 2462 1840 2520 id
1862 2495 1866 2499 >
1888 2461 2046 2537 quod
2089 2461 2310 2520 bonum
2358 2466 2444 2519 est
2471 2483 2534 2523 so

242 2553 375 2609 340
412 2551 622 2609 melius
667 2552 1014 2625 feliciusque
1059 2554 1348 2611 teneatur.
1394 2583 1484 2592 —
1531 2544 1573 2609 3
1621 2571 1793 2609 NIHIL
1837 2570 1947 2608 EST
1979 2569 2236 2610 NONDVM
2271 2567 2439 2608 HAEC

413 2657 694 2700 RESOIVIT
742 2642 955 2697 MALA*
1010 2641 1271 2698 nondum
1315 2640 1663 2713 Pamphilus
1715 2642 1928 2699 sciebat
1970 2641 2218 2698 Dauum
2257 2642 2439 2708 scire,

240 2733 372 2788 341
412 2730 563 2802 quod
606 2731 719 2787 siba·
753 2734 1118 2802 pararentur
1152 2732 1407 2802 nuptiae.
1454 2761 1544 2770 —
1580 2721 1625 2787 4
1667 2748 1838 2794 Qvi-:M
1881 2747 2005 2788 EGO
2052 2747 2213 2787 NVNC
2258 2747 2444 2787 camo

415 2837 476 2876 st
514 2838 629 2876 IAM
667 2836 954 2876 AVDJERJT
998 2837 1122 2875 sm!
1161 2837 1425 2876 PARATAS
1467 2837 1721 2877 NVPTJAS
1770 2819 1868 2876 hio
1920 2818 2210 2895 intelligit
2262 2817 2438 2876 Pam·

411 3025 596 3096 a*[22]
624 3024 686 3077 id
724 3026 811 3077 est
845 3024 1091 3093 nuptias.
1148 3028 1206 3078 et
1253 3027 1340 3078 est
1383 3024 1477 3078 hio
1525 3024 1737 3093 species
1785 3022 2144 3092 definitionis,
2192 3040 2337 3093 quae
2375 3023 2443 3077 fit

624 3113 725 3165 per
760 3095 985 3148 laudem
1021 3095 1115 3149 uel
1150 3096 1646 3166 uituperationem.
1701 3094 1794 3149 uel
1842 3094 2093 3149 definitio
2138 3094 2438 3162 rhetorica,

625 3183 771 3236 quae
809 3168 894 3220 est
931 3183 997 3220 ex
1036 3167 1268 3221 arbitrio
1307 3168 1606 3236 loquentis.

591 3349 620 3397 1
641 3345 790 3397 unde
821 3352 946 3399 ante
964 3362 1027 3413 p.
1049 3349 1222 3411 33,29
1239 3348 1306 3398 ut
1326 3344 1380 3397 L
1413 3349 1420 3414 Ι
1454 3346 1669 3415 gratiae
1688 3346 1723 3415 β
1750 3347 1767 3413 ΙΙ
1797 3350 1827 3398 3
1856 3345 1939 3398 ita
1960 3349 2114 3413 (-que
2134 3345 2264 3398 add.
2285 3345 2437 3414 LF)

412 3416 904 3487 quemadmodum]
944 3416 1127 3485 magis
1165 3434 1336 3484 quam
1373 3437 1410 3469 α
1438 3419 1456 3486 ΙΙ
1485 3423 1515 3470 5
1558 3416 1853 3486 Charinus]
1893 3416 2150 3470 dominus
2189 3437 2226 3469 α
2259 3419 2266 3484 Ι
2298 3417 2436 3485 Byr-

412 3487 518 3556 ria]
557 3486 678 3553 ipse
717 3503 909 3541 seruus
947 3508 984 3540 α
1013 3490 1030 3558 ΙΙ
1060 3493 1091 3540 6
1131 3506 1295 3542 suum
1326 3520 1392 3528 -—
1425 3489 1607 3558 detur]
1648 3490 1706 3541 et
1742 3487 1864 3555 ipse
1899 3486 2186 3541 laborabit
2220 3490 2287 3541 ut
2322 3504 2436 3542 non

414 3557 584 3609 ducat
619 3577 655 3608 α
693 3559 711 3626 ΙΙ
748 3562 779 3610 8
819 3558 890 3629 si]
930 3558 981 3612 ei
1019 3560 1091 3625 L,
1128 3560 1303 3615 omG
1339 3563 1357 3629 Ι]
1397 3566 1460 3613 13
1498 3559 1670 3612 habet
1706 3561 1914 3611 stat-um
1953 3560 2014 3612 F
2045 3561 2063 3626 ss
2103 3565 2167 3611 14
2207 3561 2436 3613 aeturus

412 3647 449 3679 α
486 3628 504 3694 ΙΙ
542 3632 607 3679 16
646 3628 983 3696 generaliter
1011 3639 1137 3698 post
1175 3650 1334 3685 suum
1373 3653 1409 3684 α
1455 3634 1473 3700 ΙΙ
1519 3636 1584 3682 23
1623 3630 1857 3699 nuptiae
1892 3633 2228 3698 pararentur
2264 3630 2326 3683 F
2338 3630 2390 3685 G
