2661 3940
400 207 487 271 60
973 207 1354 263 EVGRAPHI
1391 208 1862 265 COMMENTVM

397 376 544 435 bene
600 376 834 451 aliquid
895 377 1192 453 prouenit.
1205 380 1239 409 ⁹⁶
1349 382 1432 438 est
1494 396 1624 452 erqo
1677 380 1769 436 hic
1825 397 2032 439 seusus
2046 396 2068 437 .·
2129 381 2437 440 consilium

396 483 589 524 meum
636 467 738 524 etsi
796 483 914 524 nou
948 468 1244 539 prouenit,
1290 468 1581 526 auxilimu
1626 468 1748 527 alia
1802 470 2028 527 ratione
2071 487 2435 542 quaeremus,

233 556 358 612 671
404 584 480 595 -·—
534 547 625 612 4¹7
675 573 804 613 mss
846 575 908 612 m
955 574 1144 613 Pvms
1189 573 1326 621 QVJA
1383 575 1562 614 mmo
1614 573 1951 617 Puocssssrr
2006 560 2261 618 PARVM*
2316 561 2437 616 nisi

400 645 603 713 credis,
639 645 843 717 inquit,
892 646 1096 703 exinde
1139 647 1264 704 iam
1308 663 1398 704 me
1436 647 1648 704 bouum
1684 647 1989 705 consilium
2025 651 2280 721 reperire
2314 665 2437 706 riou

233 734 360 790 673
387 750 579 804 posse,
626 734 764 806 quia
799 736 1066 806 primum
1111 736 1440 793 contrarius
1484 736 1703 807 decepit
1747 740 2000 795 euentus.
2038 769 2125 776 —
2162 728 2254 795 49
2287 756 2439 795 Ino
2492 757 2522 798 ὅ

397 840 589 879 Erum
638 840 809 882 sA'rls
857 840 1061 881 cunno
1111 841 1173 880 ‚st
1213 842 1292 880 AD
1306 842 1501 882 VJGJLA
1513 842 1681 882 VERJS
1725 826 1958 902 colligit
2012 830 2212 884 contra
2257 825 2435 884 Pam-

398 910 596 987 philus
640 913 830 985 maqis
867 912 1116 971 consilia
1151 912 1308 970 Daui
1350 912 1428 970 ad
1462 914 1574 971 hoe
1610 913 1892 989 proficere
1929 933 2119 991 posse,
2165 918 2234 974 ut
2269 916 2437 974 mala

397 1000 704 1076 duplicata
741 1002 1178 1079 geminentur.'‘'
1252 1004 1548 1060 conuictus
1583 1020 1791 1062 seruus
1820 1006 2184 1063 accusatione
2210 1005 2436 1063 domiui

396 1092 632 1162 respicit
683 1090 764 1148 ad
819 1091 1079 1162 officium
1134 1108 1309 1149 suum
1364 1092 1610 1164 dicitque
1652 1093 1802 1150 nihil
1855 1093 2086 1151 domiuo
2140 1094 2335 1152 deberi
2394 1112 2435 1151 a

233 1177 360 1236 675
397 1195 567 1237 seruo
610 1180 730 1237 uisi
772 1183 840 1237 ut
881 1181 1067 1252 faciat
1108 1180 1415 1253 imperata.
1489 1182 1627 1238 dicit
1671 1199 1803 1254 erqo
1853 1174 1940 1239 51
1982 1199 2106 1241 neo
2142 1199 2267 1241 Hoc
2307 1201 2436 1240 'nm
2465 1203 2526 1243 ιο

397 1285 517 1327 PRO
575 1284 856 1327 snuvrmo
915 1286 1120 1326 nunno
1186 1287 1400 1327 comm
1457 1288 1647 1328 ΜΑΜΒ
1660 1289 1723 1327 vs
1786 1289 1962 1328 PEDIB
1973 1288 2074 1336 vso
2085 1290 2158 1329 νε
2215 1289 2439 1329 Nocms

396 1376 473 1414 ET
507 1375 644 1414 DIES
677 1359 748 1415 ut
791 1375 1021 1433 corpus,
1069 1358 1226 1432 quod
1271 1359 1336 1415 in
1384 1360 1629 1417 seruitio
1687 1362 1793 1431 est,
1849 1359 2062 1419 debeat
2117 1362 2433 1419 seruientis

395 1445 673 1520 officium,
703 1449 938 1505 animus
974 1464 1111 1505 uero
1147 1465 1471 1521 numquam
1509 1466 1546 1505 a
1589 1466 1759 1507 seruo
1773 1451 1805 1479 ²²·
1853 1452 2057 1522 quaeri
2093 1450 2308 1517 debeat,
2345 1452 2435 1508 ita

397 1535 711 1594 consilium
751 1535 909 1610 quod
946 1535 1083 1594 dedi
1118 1531 1255 1613 <si>
1290 1555 1510 1611 parum
1544 1540 1840 1613 prouenit,
1888 1538 2062 1597 debes
2107 1541 2432 1616 ignoscere.

394 1624 507 1683 hoc
542 1643 678 1683 cum
716 1624 987 1683 dominus
1026 1624 1306 1700 audisset,
1344 1625 1517 1700 petit,
1562 1630 1630 1684 ut
1668 1626 1786 1686 sibi
1820 1628 2147 1702 praeterita
2182 1628 2432 1686 fortuna
2459 1649 2520 1689 15

232 1713 357 1772 681
394 1713 679 1772 reddatur
731 1707 818 1770 57
874 1732 1041 1772 cvpzo
1084 1730 1385 1774 REs‘rrrvn
1434 1732 1604 1779 QVEM
1639 1733 1681 1773 A
1720 1735 1807 1773 ME
1843 1733 2168 1775 Accssms'm
2205 1733 2439 1776 LocvM.

400 1804 685 1877 quoniam
730 1821 933 1860 seruus
981 1803 1214 1862 dixerat
1262 1798 1338 1861 ‘si
1383 1803 1695 1862 consilium
1750 1805 1971 1863 bonum
2025 1825 2145 1864 non
2201 1808 2310 1880 est,
2364 1809 2437 1864 tu

396 1892 509 1950 tibi
562 1887 854 1966 prouide’‚
912 1892 1184 1950 dominus
1241 1892 1388 1951 dicit
1442 1912 1504 1951 se
1561 1894 1711 1952 utile
1767 1895 2072 1953 eonsilium
2134 1894 2248 1955 sibi
2304 1912 2436 1954 esse

395 1984 789 2058 reperturum,
849 1984 901 2039 si
957 1981 1134 2041 modo
1189 1983 1253 2040 in
1308 2001 1378 2040 eo
1423 1984 1554 2042 loeo
1602 1983 1699 2056 sit,
1756 1984 1860 2042 ubi
1915 1985 2034 2043 fuit
2081 1987 2236 2058 ante,
2295 2004 2436 2044 eum

311 2077 312 2080 ’
396 2090 516 2129 non
560 2071 929 2146 promisisset
962 2072 1145 2143 patri.
1248 2074 1384 2129 tuuc
1430 2074 1581 2130 em’m
1618 2077 1743 2131 tuta
1789 2078 1958 2132 eraut
2000 2076 2197 2132 omnia
2250 2092 2437 2146 neque
2465 2096 2526 2135 πο

396 2161 655 2233 quadam
696 2163 1029 2219 necessitate
1073 2161 1389 2235 tenebatur,
1434 2165 1500 2219 ut
1540 2179 1781 2220 uxorem
1825 2164 2069 2231 duceret,
2116 2165 2258 2237 quia
2300 2180 2436 2222 uec-

395 2250 536 2308 dum
567 2252 957 2321 promiserat,-
1036 2266 1193 2307 nuuc
1255 2254 1465 2323 autem,
1527 2252 1668 2321 quia
1730 2255 1960 2310 coactus
2014 2270 2054 2311 a
2104 2270 2275 2312 seruo
2331 2256 2433 2321 est,

394 2341 462 2397 ut
493 2340 852 2410 promitteret
886 2340 1066 2410 patri,
1101 2343 1240 2410 post
1273 2341 1725 2411 promissionem
1759 2340 1982 2400 matum
2019 2342 2208 2400 locwm
2244 2346 2436 2401 tenere

396 2430 603 2499 coepit.-
647 2446 765 2486 non
812 2429 1010 2503 potest
1054 2429 1213 2486 em‘m
1258 2430 1383 2487 iam
1428 2447 1645 2505 negare
1703 2429 1862 2504 quod
1916 2431 2220 2505 pollicitus
2277 2433 2433 2491 est*

250 2620 359 2671 669
399 2616 482 2668 α*
504 2616 576 2686 [1]
615 2612 692 2669 45
726 2633 1115 2697 ‘DEFETIGATVS
1174 2614 1376 2684 (defat-
1412 2615 1480 2684 S)
1537 2615 1597 2669 id
1655 2618 1743 2669 est
1795 2616 1992 2671 fessus.
2067 2620 2126 2672 et
2180 2617 2339 2671 uenit
2394 2634 2435 2670 a

452 2757 477 2786 ²¹⁵
524 2758 572 2828 3]
607 2686 1131 2827 {ffglgrginentum
1171 2760 1256 2811 est
1296 2757 1368 2811 ab
1405 2757 1726 2826 inpossibili
1762 2761 1817 2828 (a
1852 2776 2008 2827 poss·
2036 2760 2122 2830 S).

452 2828 478 2857 ‘⁸‘
521 2830 570 2900 8]
610 2832 666 2882 et
703 2831 791 2883 est
827 2845 1134 2883 sarcasmos
1172 2829 1381 2899 (sareh-
1418 2830 1614 2898 codd).

429 2900 455 2929 *
476 2901 575 2971 [13]
614 2900 749 2982 quia
804 2900 896 2954 hie
942 2917 977 2953 a
1022 2902 1160 2953 nota
1218 2903 1613 2971 argumentum
1662 2901 1857 2955 elicuit
1913 2902 2153 2957 dicendo
2209 2903 2429 2955 serui-

245 3047 360 3099 682
430 3043 456 3072 *⁸
477 3044 576 3114 [24]
609 2974 1255 3097 &Suffinznzggzoicftggt
1270 2974 1486 3098 Zgzmfit.
1544 3046 1602 3097 et
1628 3045 1788 3098 uenit
1817 3061 1850 3096 a
1877 3044 2050 3098 uerbo
2089 3062 2211 3099 eon
2224 3061 2428 3113 crepo

576 3247 602 3292 1
633 3239 959 3308 prouenerit
986 3241 1038 3293 L
1067 3242 1084 3308 ΙΙ
1114 3245 1143 3291 3
1173 3256 1373 3307 parum
1401 3240 1676 3307 processit
1702 3259 1740 3292 α
1768 3241 1786 3308 ΙΙ
1815 3244 1847 3292 4
1877 3241 1990 3310 me]
2020 3256 2091 3293 ne
2111 3242 2182 3306 L,
2202 3258 2303 3295 om.
2330 3241 2381 3295 θ’
2408 3241 2429 3324 [Ι

396 3315 425 3362 6
464 3312 650 3381 mum]
688 3328 821 3364 nam
860 3332 898 3364 α
924 3313 943 3379 ΙΙ
973 3317 1038 3364 12
1076 3311 1365 3364 seruitutis
1408 3310 1459 3365 G·
1485 3313 1504 3379 ΙΙ
1543 3317 1607 3363 14
1648 3309 1946 3365 eonsilium
1968 3343 2032 3350 —
2054 3312 2339 3383 prouenit]
2379 3330 2427 3365 ει

395 3381 532 3449 quid
561 3384 786 3449 praeter
814 3400 970 3450 spem
999 3382 1189 3435 euenit
1217 3403 1254 3435 oc
1275 3385 1363 3451 (=
1392 3383 1530 3449 Ter.)
1564 3384 1571 3450 1
1605 3382 1654 3434 si
1674 3382 1802 3437 add.
1824 3382 2127 3438 Lindenbr.
2156 3385 2175 3451 ΙΙ
2205 3388 2271 3437 16
2300 3384 2426 3436 red-

396 3453 583 3521 datur]
621 3452 955 3506 restituatur
991 3474 1028 3506 α
1064 3455 1082 3523 ΙΙ
1129 3459 1193 3506 17
1235 3452 1529 3507 consilium
1559 3451 1833 3525 (meum)
1862 3473 1899 3505 α
1928 3453 2142 3523 (νεαεὲ)
2177 3457 2185 3523 Ι
2215 3453 2426 3508 bonum

394 3539 495 3575 om.
517 3523 569 3574 L
602 3524 610 3590 Ι
641 3524 706 3574 tu
743 3521 851 3575 tibi
886 3524 1145 3595 prouide]
1185 3527 1309 3578 tute
1347 3524 1505 3577 aliud
1538 3524 1724 3592 reperi
1761 3545 1799 3578 α
1825 3526 1844 3594 ΙΙ
1878 3530 1941 3578 18
1981 3524 2092 3579 sibi
2130 3527 2271 3595 (esse
2300 3528 2423 3594 om.)

390 3597 513 3661 post
547 3595 899 3661 reperturum
937 3615 974 3647 α
1001 3597 1019 3663 ΙΙ
1050 3601 1115 3649 19
1155 3613 1282 3649 cum
1319 3595 1457 3667 non]
1496 3611 1665 3664 quam
1703 3617 1741 3650 α
1775 3598 1794 3667 ΙΙ
1831 3600 1899 3650 24
1939 3598 2027 3650 est
2054 3595 2292 3670 (patri)
2323 3618 2361 3651 α
