2661 3940
350 251 479 316 298
923 251 1299 306 EVGRAPHI
1337 249 1810 306 COMMENTVM

230 420 312 478 50
354 413 445 478 25
497 439 633 478 ILLE
687 439 756 478 VT
813 439 1026 478 ITIDEII
1080 439 1297 478 CONTRA
1353 440 1439 479 ME
1490 440 1728 479 HABEAT
1780 438 1950 478 EActo
1998 438 2106 478 SED
2120 438 2222 477 VLo
2276 421 2385 478 cle-

350 512 568 569 mentia
606 512 655 568 el
691 509 1055 585 ‹indulyentia
1090 527 1220 568 mea
1256 513 1430 584 facie,
1467 513 1535 568 ut
1569 513 1622 569 et
1656 510 1753 568 ille
1790 510 1999 583 diliyat
2020 511 2271 581 pariter.
2296 540 2385 549 —

233 598 313 657 51
358 592 450 657 26
491 617 611 656 NoN
634 616 892 656 NECESSE
917 617 1112 656 HABEO
1143 618 1322 657 OMNIA
1361 618 1480 659 PRo
1509 618 1637 659 MEO
1668 617 1812 657 IVRE
1850 616 2054 657 AGERE
2093 598 2186 656 ius
2224 600 2385 656 enim

352 690 542 762 patris
590 690 681 746 est
725 689 973 764 peccata
1011 689 1304 765 corrigere
1350 687 1628 748 filiorum.
1695 691 1759 745 at
1794 688 1893 746 hic
1929 707 2035 763 per
2072 686 2385 763 indulgen-

348 778 498 835 tiam
554 776 707 835 dixit
760 795 877 835 non
933 779 1264 836 necessario
1322 777 1436 836 sibi
1490 778 1601 836 hoe
1656 777 2012 851 incumbere,
2067 778 2136 834 ut
2183 776 2385 834 omnia
2443 797 2466 835 5

350 869 592 940 peccata
631 865 906 943 corrigat,
944 866 1047 925 sed
1076 865 1305 942 aliquid
1334 866 1406 925 de
1433 866 1560 925 iure
1586 866 1830 942 proprio
1860 865 2266 924 obliuiscatur.
2297 897 2386 906 —

231 954 315 1014 52
353 947 441 1013 27
485 973 780 1012 POSTREMO
817 974 946 1012 ALII
980 973 1236 1013 cLANcVL
1250 975 1330 1013 VM
1362 951 1667 1033 PATRE<S>
1703 973 1858 1020 QVAE
1893 973 2149 1013 FAOIVNT
2175 999 2188 1013 .
2220 1001 2231 1012 .
2265 1000 2277 1012 .
2308 973 2387 1012 EA

351 1063 433 1102 NE
475 1064 560 1101 ME
607 1063 788 1102 cELET
834 1062 974 1102 00NS
985 1063 1194 1102 VEFEcI
1223 1040 1395 1121 (FILI
1403 1064 1483 1102 VM
1514 1040 1892 1121 consuefeci),
1937 1045 2144 1115 inquit,
2191 1045 2386 1115 filium

348 1151 468 1191 non
521 1152 610 1191 mc
666 1134 849 1192 celare
905 1151 990 1202 ea,
1045 1151 1192 1205 quae
1248 1133 1357 1192 alii
1400 1134 1630 1206 faciunt
1662 1135 1939 1207 patribus
1982 1134 2384 1192 nescientibus,

353 1223 562 1281 deinde
598 1223 719 1279 iam
756 1223 940 1281 thesis
977 1223 1088 1281 illa
1124 1223 1498 1298 supponitur,
1536 1222 1626 1281 uti
1663 1242 1782 1282 non
1819 1226 1983 1280 metu
2025 1221 2130 1281 sed
2167 1222 2383 1280 melius
2415 1242 2467 1280 ιο

232 1311 317 1369 58
354 1330 553 1370 amore
590 1311 764 1369 liberi
809 1314 1147 1370 teneantur:
1199 1305 1290 1369 33
1329 1330 1577 1372 PVDORE
1615 1312 1812 1388 inquit
1849 1330 1927 1368 ET
1959 1329 2392 1369 LIBERALITATE

232 1403 271 1458 6
275 1404 314 1458 4
354 1419 600 1458 LIBEROS
643 1419 941 1458 RETINERE
984 1419 1121 1458 SATI
1129 1419 1194 1458 VS
1228 1419 1376 1458 ESSE
1414 1420 1596 1459 CREDO
1635 1419 1667 1466 Q
1680 1420 1801 1459 VAM
1830 1420 1952 1458 MET
1961 1419 2005 1458 V.
2035 1432 2124 1441 —
2164 1393 2257 1458 39
2299 1418 2389 1458 NI·

352 1509 514 1547 MIVM
556 1507 689 1547 IPSE
732 1508 852 1547 DVR
865 1508 931 1547 VS
973 1508 1084 1547 EST
1118 1509 1382 1547 PRAETER
1428 1508 1677 1555 AEQVVM
1710 1509 1787 1548 ET
1819 1508 2026 1548 BONVM
2056 1488 2152 1548 hic
2193 1507 2387 1549 sermo

351 1580 545 1655 magis
603 1598 672 1636 ex
726 1597 980 1653 persona
1026 1578 1281 1638 Demeae
1339 1580 1716 1655 accipiendus
1773 1581 1878 1653 est,
1926 1582 1990 1636 ut
2033 1595 2154 1636 non
2198 1579 2388 1637 Micio

353 1668 423 1725 de
467 1669 655 1740 fratre
700 1668 909 1726 dixerit
955 1670 1107 1740 quod
1152 1669 1340 1726 durus
1376 1670 1467 1737 sit,
1504 1663 1688 1745 (sed)
1722 1671 1923 1741 potius
1968 1669 2191 1726 Demea
2237 1685 2388 1727 com·
2417 1685 2468 1724 15

352 1761 557 1825 motu-s,
613 1756 766 1830 quod
820 1759 1007 1816 durus
1060 1775 1285 1830 semper
1328 1759 1658 1830 appellatus
1703 1760 1796 1824 sit,
1841 1759 2030 1828 magis
2074 1757 2228 1814 hunc
2272 1757 2386 1814 Mi·

353 1848 583 1905 cionem
646 1846 860 1904 durum
924 1846 1087 1904 dicat
1148 1849 1386 1922 praeter
1450 1865 1704 1922 aequum
1770 1849 1830 1904 et
1893 1845 2143 1918 bonum,
2210 1845 2387 1920 quod,

353 1935 493 1993 dum
550 1936 926 1995 clementiam
982 1935 1242 1996 custodit
1306 1937 1462 1995 circa
1525 1935 1714 1994 filium
1774 1937 2042 2009 nimiam,
2109 1936 2194 1994 sic
2251 1953 2387 1993 eum

360 2025 423 2083 in
476 2028 723 2100 peccata
776 2027 1076 2100 prouocet,
1143 2026 1304 2101 quod
1371 2029 1459 2084 est
1522 2027 1696 2101 quasi
1760 2026 2058 2101 quoddam
2123 2025 2385 2083 duritiae

353 2131 555 2191 genus,
628 2133 747 2172 non
824 2115 1042 2173 sentire
1120 2114 1265 2190 quid
1335 2114 1598 2173 criminis
1669 2116 1766 2188 sit,
1836 2114 1980 2190 quid
2055 2114 2129 2172 ad
2205 2113 2386 2171 decus
2415 2130 2469 2169 20

232 2204 316 2260 65
352 2204 677 2277 perueniat.
722 2234 795 2243 —
850 2195 946 2263 40
992 2223 1070 2261 m*
1118 2222 1319 2261 ERRAT
1369 2222 1560 2262 LONGE
1602 2222 1723 2260 MEA
1782 2222 1814 2268 Q
1827 2222 2011 2261 VIDEM
2060 2221 2385 2261 SENTENTIA

357 2311 462 2357 QVI
512 2311 810 2350 IMPERIVM
862 2312 974 2349 GRA
988 2311 1121 2350 VIVS
1178 2311 1404 2351 CREDAT
1455 2312 1574 2350 AVT
1618 2310 1925 2351 STABILIVS
1979 2312 2040 2350 VI
2091 2310 2241 2357 QVOD
2289 2311 2392 2349 ΕΗ*

355 2386 407 2439 et
449 2381 704 2440 multum
752 2382 999 2453 quidem,
1044 2384 1193 2441 sicut
1237 2384 1436 2456 sentiO,
1485 2385 1646 2439 errat
1690 2381 1930 2455 Demea,
1977 2381 2138 2457 quod
2195 2380 2386 2439 credit

353 2470 463 2528 hoc
510 2471 752 2547 grauius
810 2488 933 2529 esse
988 2470 1302 2545 imperium
1353 2475 1402 2529 et
1447 2474 1658 2542 manis
1682 2472 1886 2529 stabile
1932 2471 2091 2546 quod
2138 2471 2202 2527 ui
2247 2489 2383 2529 con-

353 2559 566 2633 ficitur,
633 2578 813 2635 quam
879 2559 1031 2617 illud
1096 2560 1255 2635 quod
1328 2579 1434 2635 per
1506 2559 1834 2618 amicitiam
1909 2559 2239 2635 copulatur.
2313 2563 2386 2617 ut
2416 2576 2469 2615 25

353 2648 504 2706 illud
552 2653 635 2707 est
690 2647 962 2707 Sallustii
1010 2640 1171 2729 (luy.
1214 2653 1314 2718 10,
1349 2641 1416 2730 4)
1467 2644 1606 2708 ‘non
1653 2649 1921 2708 thesauri
1975 2668 2165 2723 neque
2221 2666 2382 2706 exer-

355 2739 506 2797 citus
567 2737 867 2813 praesidia
911 2740 1084 2813 regni
1129 2742 1286 2811 sunt,
1344 2738 1445 2796 sed
1506 2738 1697 2813 amici,
1757 2757 1902 2813 quos
1949 2755 2139 2813 neque
2201 2737 2383 2795 armis

234 2829 315 2885 69
353 2846 564 2903 parare
619 2846 810 2903 neque
864 2829 1059 2899 pretio
1121 2829 1440 2903 quisquam
1502 2822 1733 2902 possit'.
1788 2859 1863 2867 —
1918 2820 2009 2883 44
2058 2844 2227 2885 MALo
2278 2844 2380 2885 oo-

354 2933 548 2975 Ao'rvs
598 2934 704 2981 QVI
750 2934 911 2976 sva
958 2935 1251 2977 ormowm
1305 2911 1577 2994 <FA01T>
1634 2918 1702 2974 ut
1757 2915 2032 2974 ostendat
2085 2934 2205 2973 non
2259 2934 2382 2973 rec-

352 3009 480 3063 tum
537 3024 662 3065 esse
707 3007 1017 3078 imperium
1063 3006 1125 3063 id
1173 3005 1333 3081 quod
1370 3001 1517 3082 <ui>
1555 3006 1955 3080 comparatur,
2004 3023 2182 3080 quam
2230 3004 2382 3062 illud
2412 3020 2467 3060 30

534 3145 559 3191 1
602 3138 737 3191 item
775 3141 889 3193 Ter-
921 3142 938 3208 ΙΙ
967 3145 998 3193 2
1036 3138 1133 3192 ille
1163 3138 1339 3211 <me>
1360 3139 1389 3191 ,9
1416 3141 1434 3206 ΙΙ
1464 3143 1495 3190 8
1533 3157 1720 3191 mmvu
1758 3138 2073 3191 consuefeci
2101 3139 2227 3192 add.
2262 3139 2343 3191 W.
2366 3139 2382 3208 Η

357 3219 416 3264 11
450 3210 615 3264 liberi
646 3217 771 3263 ante
800 3226 987 3264 amore
1017 3231 1069 3276 α,
1109 3228 1208 3265 om.
1244 3210 1295 3264 G·
1327 3213 1336 3279 Ι
1370 3213 1601 3264 teneant
1634 3210 1686 3265 G
1712 3212 1730 3279 ΙΙ
1761 3215 1827 3262 14
1864 3209 2058 3281 Micio]
2097 3209 2238 3262 mihi
2275 3210 2381 3263 hoc

358 3282 408 3335 G
436 3284 454 3349 ΙΙ
487 3289 548 3334 15
589 3281 687 3335 sed
715 3282 845 3335 add.
878 3283 960 3335 W.
990 3284 1008 3351 u
1040 3287 1103 3334 16
1135 3281 1319 3353 (qui)
1349 3281 1641 3335 mitionem
1668 3302 1703 3333 α
1733 3284 1751 3351 ἢ
1783 3286 1810 3333 1
1828 3287 1855 3334 7
1888 3281 2042 3334 dicat
2071 3281 2272 3334 durum
2302 3301 2339 3334 α
2366 3283 2382 3349 ΙΙ

359 3356 423 3401 18
450 3351 686 3404 nimiam
724 3360 851 3406 ante
887 3353 1036 3406 circa
1073 3373 1109 3404 α
1138 3356 1154 3420 ΙΙ
1186 3358 1250 3405 19
1289 3352 1453 3420 quasi
1490 3370 1591 3408 om.
1625 3352 1676 3406 G
1708 3355 1716 3421 Ι
1750 3351 2015 3423 duritiae]
2055 3353 2255 3405 durum
2286 3351 2339 3405 G
2365 3354 2383 3420 ΙΙ

356 3424 423 3495 20
453 3420 781 3491 <de>decus
812 3444 848 3475 α
876 3426 893 3491 ΙΙ
924 3429 988 3476 21
1019 3423 1350 3490 pertineat?
1382 3426 1388 3491 Ι
1422 3440 1549 3476 mea
1567 3430 1696 3493 post
1724 3424 2004 3477 sententia
2032 3424 2084 3479 G
2110 3425 2128 3492 ΙΙ
2157 3429 2225 3475 21
2253 3423 2381 3494 hoc]

357 3486 417 3533 1d
445 3507 480 3535 α
532 3491 539 3553 Ι
590 3495 647 3542 et
682 3492 979 3558 imperium
1021 3495 1072 3550 G
1116 3497 1133 3562 ΙΙ
1180 3500 1245 3546 27
1287 3495 1408 3565 sed]
1438 3511 1632 3548 uerum
1662 3515 1699 3548 α
1728 3495 1901 3561 (Sall.)
1935 3498 1943 3564 Ι
1977 3494 2145 3548 armis
2183 3510 2381 3563 cogere

358 3567 537 3616 neque
576 3573 709 3611 auro
745 3576 945 3627 parare
984 3581 1155 3630 queas
1193 3565 1326 3619 Sall.
1357 3569 1375 3635 ΙΙ
1405 3571 1471 3619 28
1501 3566 1914 3638 (comparare)
1949 3567 2219 3634 quiquam
2255 3582 2384 3634 pos-

361 3622 490 3669 sunt
527 3642 563 3673 α
590 3627 608 3690 ΙΙ
637 3632 702 3676 30
739 3630 798 3680 ui
836 3634 964 3685 add.
996 3634 1296 3689 Lindenbr.
