2661 3940
836 256 1115 310 ANDmA
1150 258 1176 310 1
1215 264 1262 324 1,
1295 262 1523 323 120-2‚
1553 264 1586 309 4
2166 258 2246 321 19

205 445 370 484 MENs
418 444 628 485 MALvs
667 442 892 486 Avas
940 428 1082 502 quia
1128 427 1428 485 occultum
1474 427 1791 486 uidebatur
1835 427 2087 499 aliquem
2120 427 2247 484 ideo

208 516 442 590 aliquid
497 515 697 574 facere
742 519 840 591 ita,
886 519 957 574 ut
1017 517 1192 575 alteri
1246 519 1476 590 noceat,
1531 535 1650 575 non
1705 519 1774 575 ut
1820 517 2010 592 prosit
2057 516 2248 590 alteri,

205 604 431 664 idcirco
496 606 653 664 hanc
717 605 987 663 adiunxit
1051 624 1310 678 causam,
1368 604 1526 680 quod
1589 606 1750 663 mala
1808 624 1988 680 mens,
2053 606 2249 664 malus

43 694 170 750 165
211 697 449 753 animus
494 696 616 754 ista
661 713 890 771 semper
942 695 1165 753 fecerit.
1224 727 1307 734 —-
1368 687 1503 753 138
1563 713 1698 753 s1Nn
1754 713 2020 753 EVENIA'P
2081 712 2248 760 QVOD

208 802 376 843 vono
424 784 521 842 hic
568 802 773 843 sensus
821 787 935 842 est:
998 783 1155 858 quod
1211 783 1369 858 uolo,
1426 784 1679 862 eueniat,
1737 783 1898 858 quod
1952 782 2103 841 illud
2159 787 2250 843 est
2305 805 2328 844 5

47 875 172 929 166
213 865 358 930 139
407 892 470 931 1N
516 892 831 932 PAMPmLo
879 893 959 932 v'r
1004 892 1174 933 Num,
1232 890 1328 930 srr
1384 892 1610 931 MORAE.
1702 873 1814 932 hoc
1867 875 1990 931 iam
2043 876 2249 948 restat,

46 963 173 1019 168
208 966 283 1020 ut
334 961 612 1021 Chremes
660 963 987 1022 exorandus
1018 964 1111 1020 sit.
1166 995 1245 1002 —-
1299 954 1433 1020 141
1486 980 1647 1022 NVNo
1697 982 1865 1023 rrva
1922 982 2033 1021 Es‘r
2094 983 2249 1020 OFFI-

214 1070 366 1110 σινΜ
395 1052 506 1110 hoc
547 1054 638 1110 est
673 1052 935 1125 tertium,
975 1053 1133 1126 quod
1169 1051 1233 1109 in
1269 1053 1680 1127 propositione
1717 1054 1995 1126 posuerat
2025 1052 2102 1124 (v.
2132 1053 2247 1126 23)

210 1136 299 1200 ‘et
347 1142 489 1216 quid
536 1142 732 1199 facere
778 1143 842 1199 in
878 1142 990 1199 hac
1035 1144 1095 1198 te
1142 1161 1205 1197 re
1244 1136 1483 1199 uelim':
1529 1145 1600 1199 ut
1646 1141 1791 1199 bene
1840 1143 2069 1200 scilicet
2104 1144 2248 1201 assi-

209 1231 401 1290 mulet
452 1232 718 1307 nuptiaS‚
773 1230 1009 1289 Dauum
1069 1233 1310 1304 terreat,
1367 1230 1558 1288 filium
1613 1230 1904 1304 obseruet‚
1963 1231 2060 1288 uel
2108 1232 2250 1305 quid
2281 1253 2330 1290 ιο

210 1323 357 1397 agat
400 1321 497 1379 uel
548 1320 697 1395 quid
741 1320 975 1379 consilii
1018 1320 1252 1379 habeat.

1212 1590 1267 1644 2.

53 1714 178 1771 172
399 1706 435 1772 1
488 1731 615 1771 NON
652 1731 889 1771 Dvmvm
926 1731 1035 1770 Es'r
1067 1731 1211 1777 va
1239 1731 1493 1770 VXOREM
1523 1730 1709 1769 Nom'r
1737 1729 1936 1770 F1L1vs
1966 1715 2254 1771 remansit

213 1821 391 1862 senex
447 1807 507 1861 et
562 1803 662 1860 hic
714 1820 913 1860 secum
961 1803 1209 1877 loquens
1254 1802 1438 1860 habet
1485 1800 1942 1860 coniecturalem
1999 1805 2252 1860 statum:

214 1912 352 1950 nam
396 1891 668 1966 quaestio
707 1893 812 1965 est,
860 1910 936 1949 an
974 1910 1216 1950 uxorem
1254 1891 1408 1949 nolit
1443 1890 1618 1949 filius,
1678 1890 1987 1949 confirmat
2035 1894 2251 1965 autem,

215 1982 379 2057 quod
436 1982 590 2040 nolit
645 2000 913 2056 uxorem,
970 1985 1030 2039 et
1084 1981 1259 2040 huius
1316 1980 1781 2041 confirmationis
1830 1984 2251 2057 argumentum
2282 2000 2331 2040 15

56 2074 176 2129 173
213 2071 328 2130 hoc
375 2075 483 2144 est,
532 2069 688 2145 quod
729 2069 880 2127 dixit
930 2063 969 2127 2
1009 2089 1116 2129 ITA
1152 2089 1325 2129 mono
1365 2090 1578 2129 DAVVM
1617 2089 1846 2128 ΤῙΜΕΒΕ
1888 2087 2081 2128 SENSI:
2131 2071 2254 2128 dixi

216 2163 379 2218 enim
417 2179 597 2235 supra
628 2152 701 2240 (I
726 2164 782 2227 1,
817 2154 992 2239 109),
1031 2162 1311 2235 quoniam
1349 2179 1468 2218 non
1506 2162 1697 2219 solum
1730 2160 1801 2217 de
1830 2160 2006 2218 factis
2035 2162 2253 2219 nostris

217 2250 296 2308 ad
344 2250 745 2309 coniecturam
805 2253 1156 2325 argumenta
1213 2249 1418 2327 colligi
1472 2252 1749 2325 possunt,
1806 2268 2013 2308 uerum
2071 2252 2130 2307 et
2185 2248 2256 2306 de

59 2340 175 2398 175
215 2340 394 2398 factis
442 2341 796 2398 nostrorum.
853 2370 941 2378 —-
998 2330 1041 2396 4
1099 2357 1374 2396 MIRABAR
1421 2355 1543 2396 noc
1594 2355 1649 2396 s1
1697 2355 1790 2396 sm
1839 2356 2064 2395 Assmn'r
2110 2338 2254 2396 haec

216 2448 435 2488 scaena
482 2427 830 2486 mandatum
878 2431 1067 2502 tenet,
1124 2447 1493 2503 quamquam
1544 2427 1810 2485 mandati
1859 2445 2037 2485 causa
2084 2445 2252 2501 prae-
2282 2446 2334 2485 20

216 2519 395 2592 cedit,
433 2517 594 2592 quod
634 2536 833 2575 amare
871 2516 1090 2576 dicitur
1125 2517 1299 2575 filius
1349 2520 1551 2574 manet
1576 2517 1685 2574 illa
1713 2518 2068 2590 coniectura,
2098 2535 2252 2590 quae

216 2608 498 2667 similiter
540 2606 721 2664 habet
767 2625 870 2664 cur
917 2609 1077 2665 amet
1132 2608 1484 2683 argumenta
1547 2609 1606 2663 et
1659 2606 2043 2680 probationes
2098 2623 2252 2664 suas,

214 2699 428 2773 postea
482 2694 755 2753 mandati
812 2697 968 2754 actio
1025 2698 1142 2770 est,
1197 2699 1266 2753 ut
1322 2695 1484 2770 quod
1538 2695 1814 2753 obseruet
1860 2693 2094 2769 Dauus,
2148 2714 2256 2769 per

214 2785 507 2844 mandata
546 2787 878 2861 cognoscat.
945 2785 1246 2862 egreditur
1291 2788 1596 2858 tamquam
1644 2802 1761 2841 non
1812 2784 2103 2859 aspiciens
2153 2783 2251 2842 do-

215 2878 474 2949 minum,
537 2875 703 2933 cuius
764 2875 958 2932 oratio
1019 2875 1160 2932 talis
1220 2873 1493 2951 fingitur,
1559 2875 1628 2930 ut
1682 2873 1974 2947 quaedam
2033 2875 2254 2931 temere
2282 2892 2333 2931 25

217 2966 381 3023 dicta
436 2963 731 3039 proferat,
789 2963 946 3038 quod
1001 2964 1313 3021 lenitatem
1372 2962 1597 3021 domini
1639 2962 1930 3021 latentem
1976 2965 2037 3020 et
2082 2981 2254 3020 suam

401 3157 428 3203 1
471 3149 761 3204 adcultum
801 3153 835 3221 β
884 3153 891 3216 Ι
942 3149 1251 3222 (seruum)
1280 3149 1518 3203 uidebat
1554 3170 1590 3202 α
1635 3152 1653 3219 ΙΙ
1700 3156 1733 3201 4
1772 3149 1858 3203 sin
1889 3149 1988 3203 VS
2025 3151 2032 3217 Ι
2064 3149 2257 3201 ueniet

218 3224 344 3277 LF
372 3225 390 3291 ΙΙ
439 3229 470 3276 5
510 3220 662 3290 quod
689 3220 835 3274 illud
862 3222 970 3292 est]
997 3220 1141 3274 illud
1171 3221 1389 3275 scilicet
1417 3243 1452 3274 α
1498 3222 1516 3290 ΙΙ
1563 3226 1595 3273 6
1631 3240 1699 3275 v'r
1739 3227 1865 3274 ante
1899 3238 1954 3272 1N
1993 3240 2030 3273 α
2066 3222 2085 3290 ΙΙ
2124 3227 2151 3272 ’7
2192 3222 2257 3273 ut

219 3313 318 3349 om.
349 3315 385 3347 α
447 3296 454 3361 Ι
516 3293 613 3364 sit]
643 3294 729 3346 est
758 3313 811 3360 α,
840 3296 870 3346 ἐ
902 3293 1009 3346 siet
1037 3294 1089 3347 L
1135 3295 1153 3362 ΙΙ
1200 3299 1230 3344 9
1261 3296 1316 3346 te
1347 3310 1405 3345 re
1438 3292 1507 3359 G,
1535 3308 1594 3345 re
1622 3294 1854 3357 te⁴rell.,·
1883 3293 1951 3358 cf.
1974 3293 2050 3346 ad
2076 3309 2124 3345 v.
2145 3297 2220 3347 23
2245 3291 2251 3364 Ι

221 3364 517 3419 assimules
557 3408 567 3418 .
603 3408 614 3419 .
647 3407 657 3417 .
695 3367 906 3419 terreas
949 3409 958 3419 .
992 3407 1004 3418 .
1037 3407 1047 3418 .
1089 3364 1350 3418 obserues
1381 3384 1418 3417 α
1442 3364 1493 3417 G
1528 3365 1547 3432 ΙΙ
1586 3371 1650 3417 11
1692 3363 1923 3434 habeat]
1954 3364 2146 3431 captet
2174 3384 2210 3416 α
2238 3366 2256 3433 ΙΙ

222 3444 289 3490 15
320 3439 400 3509 et]
433 3437 510 3491 sit
539 3439 596 3490 et
624 3437 697 3502 F,
727 3434 808 3489 sic
838 3435 955 3490 LG
991 3438 1010 3504 ΙΙ
1050 3441 1115 3488 16
1145 3436 1295 3504 quod
1324 3453 1426 3491 om.
1450 3435 1568 3489 LG
1600 3438 1608 3504 Ι
1643 3434 1791 3488 sensi
1818 3434 2016 3488 timere
2048 3434 2255 3487 dauum

222 3531 257 3562 α
294 3513 312 3578 ΙΙ
362 3514 426 3562 17
469 3507 760 3577 quoniam]
798 3508 948 3574 quod
986 3508 1286 3561 Lindenbr.
1325 3508 1345 3576 ΙΙ
1386 3511 1449 3559 18
1490 3508 1821 3576 argumenta
1860 3506 1932 3559 ad
1971 3506 2252 3559 coniectu-

221 3599 341 3634 ram
378 3602 417 3634 α
453 3583 471 3650 ΙΙ
510 3585 578 3632 20
615 3579 918 3648 praecedat
955 3580 1076 3633 FG
1112 3581 1131 3647 ΙΙ
1168 3584 1232 3631 22
1274 3596 1372 3631 cur
1408 3579 1561 3631 amet
1594 3578 1702 3632 W.:
1751 3593 1938 3631 curam
1979 3579 2035 3629 et
2062 3576 2215 3630 codd.
2233 3575 2254 3644 Η

224 3658 290 3706 24
318 3651 636 3723 tamquam]
666 3667 906 3718 namque
936 3671 972 3703 α
1001 3652 1018 3719 ΙΙ
1047 3656 1115 3704 26
1153 3667 1312 3703 suam
1342 3651 1399 3703 et
1427 3651 1462 3720 β

1862 3734 1931 3787 2.
