2661 3940
371 289 401 350 ξ
443 288 493 336 3.
551 282 650 335 DE
691 279 1013 336 CODICVM
1048 281 1273 335 INTER
1312 282 1395 336 SE
1436 282 1876 337 RATIONIBVS
1915 285 2021 337 etc.
2148 282 2254 337 XV

204 451 392 511 vemt
454 446 521 510 in
573 451 699 510 eod.
737 450 926 510 Paris.
974 452 1143 508 7917
1202 444 1268 532 (f.
1318 436 1613 532 1281)'et
1667 453 1835 510 7917
1888 451 1945 508 Α
2001 443 2067 530 (f.
2112 443 2252 532 s5r>

199 542 346 600 haec
436 540 770 617 reperimus
859 540 1192 613 Euyrafius
1289 557 1469 613 super
1559 541 1914 600 Terencium.
1989 539 2254 599 Andria.

203 648 441 689 cnaeus,
538 631 1176 689 eanwntimorumenos.
1273 629 1530 703 adelphe.
1634 631 1872 688 eschira.
1954 630 2244 703 phormio

203 720 454 794 Leyitur
513 723 674 778 actor
726 720 834 777 iste
884 719 1214 790 affricanus
1261 736 1468 791 yenere
1519 721 1619 791 qui
1670 718 1899 777 deuicta
1949 721 2256 792 cartagine

202 810 274 868 ab
323 811 622 882 affricano
668 809 921 880 scipione
958 825 1090 866 cwm
1147 809 1284 866 aliis
1329 809 1582 880 captiuis
1634 824 1862 866 romam
1908 808 2116 866 ductus
2171 813 2254 866 est

204 902 337 972 ete,
398 896 764 971 subscriptio
802 897 866 954 in
912 899 1166 972 utroque
1213 896 1414 956 codice
1462 889 1531 977 (f.
1575 897 1728 955 185¹
1764 899 1825 954 et
1875 892 2055 976 116¹)
2102 897 2251 955 haec

201 987 425 1064 legitur
450 986 724 1059 Explicit
752 987 1026 1058 expositio
1056 987 1326 1044 textual‘e's
1362 1003 1538 1058 super
1575 989 1905 1044 tereneium.
1952 985 2114 1044 Huic
2152 1005 2247 1044 ex-

202 1076 492 1151 positioni
548 1074 702 1132 nihil
753 1093 878 1132 esse
926 1092 1061 1133 cum
1097 1074 1444 1152 Eugraphio
1494 1076 1617 1132 iam
1654 1074 2037 1152 Lindenbrog
2071 1076 2252 1133 intel-

203 1166 437 1224 lexerat
478 1158 582 1245 (cf.
616 1162 741 1223 eius
769 1155 983 1244 praef.)
1026 1166 1087 1222 et
1126 1162 1397 1239 Schopen
1428 1157 1662 1245 (Progr.
1693 1164 1881 1222 Bonn.
1915 1165 2085 1222 1852
2117 1184 2173 1240 p.
2208 1166 2249 1222 3

204 1247 318 1336 sq.)
359 1253 511 1312 satis
552 1272 846 1328 superque
885 1253 1350 1328 demonstravit,
1388 1254 1459 1312 cf.
1492 1254 1674 1312 etiam
1702 1253 1850 1312 MuS.
1880 1253 2066 1311 Rhen.
2099 1255 2250 1311 223.

1162 1394 1200 1470 ἓ
1242 1398 1297 1454 3.

380 1497 475 1562 De
515 1495 807 1563 codicum
844 1496 1024 1563 inter
1061 1515 1131 1563 se
1169 1496 1537 1563 rationibus
1576 1496 1783 1582 deque
1820 1494 2070 1562 duabus

781 1585 1125 1652 commenti
1163 1585 1677 1652 recensionibus.

390 1698 672 1759 Codicum
695 1699 1260 1776 Eugraphianorum
1282 1698 1393 1757 etsi
1414 1715 1701 1757 numerus
1731 1701 1826 1756 sat
1854 1700 2101 1775 exiguus
2139 1701 2250 1772 est,

205 1792 409 1846 tamen
462 1807 578 1863 quo
618 1787 1074 1847 necessitudinis
1120 1788 1362 1846 vinculo
1400 1787 1623 1865 singuli
1658 1789 1817 1846 inter
1853 1805 1913 1846 se
1943 1786 2250 1846 coniuncti

207 1880 327 1936 sint
384 1878 439 1935 si
487 1877 763 1936 volumus
815 1877 1148 1953 explorare,
1217 1896 1338 1935 non
1398 1876 1612 1935 desunt
1667 1876 2052 1935 difficultates
2108 1875 2245 1934 hinc

207 1966 585 2043 potissimum
612 1966 986 2042 repetendae,
1024 1965 1183 2043 quod
1211 1965 1439 2025 duobus
1468 1966 1656 2042 libris,
1707 1967 1761 2023 V
1784 1969 1844 2025 et
1875 1965 1947 2040 6,
1985 1967 2250 2042 exceptis

206 2057 428 2132 reliqui
478 2074 679 2115 omnes
725 2056 861 2131 plus
905 2058 1102 2116 minus
1141 2056 1341 2114 mutili
1386 2059 1541 2116 sunt.
1615 2054 1844 2115 Deinde
1881 2055 2135 2129 codices»,
2181 2056 2246 2113 id

213 2144 371 2221 quod
422 2144 822 2223 Gerstenberg
875 2145 1101 2220 primus
1152 2145 1471 2219 intellexit,
1521 2147 1587 2204 in
1638 2146 1785 2204 duas
1836 2145 2099 2204 familias
2148 2144 2247 2203 vel

210 2234 580 2295 recensiones
636 2234 948 2314 discedunt
999 2236 1115 2306 ita,
1178 2236 1248 2293 ut
1302 2235 1542 2309 utrique
1599 2235 1874 2309 quaterni
1929 2234 2068 2292 libri
2124 2235 2250 2293 sint

211 2323 599 2383 adscribendi.
655 2323 861 2399 Atque
890 2323 961 2381 de
991 2324 1082 2382 his
1113 2323 1343 2382 duabus
1362 2324 1805 2383 recensionibus
1834 2324 1993 2381 infra
2022 2322 2249 2398 dicam3

210 2413 303 2471 hic
341 2414 550 2488 paucis
579 2412 1093 2489 comprehendam,
1133 2432 1283 2487 quae
1323 2412 1396 2471 de
1425 2412 1736 2489 utriusque
1774 2413 2042 2471 familiae
2081 2412 2246 2472 codi-

212 2501 379 2560 cibus
428 2500 704 2579 diligenti
743 2501 1186 2577 eomparatione
1224 2503 1506 2561 instituta
1544 2507 1848 2577 comperta
1884 2502 2091 2561 habeo.

388 2590 770 2649 Recensionis
799 2590 842 2668 β·
872 2591 1015 2649 libri
1050 2592 1441 2668 manuscripti
1479 2592 1700 2667 partim
1739 2591 1983 2666 decimo,
2020 2592 2247 2666 partim

214 2680 422 2754 quinto
460 2678 687 2739 decimo
717 2681 953 2739 saeculo
984 2680 1238 2741 confecti
1276 2683 1435 2756 sunt,
1473 2700 1663 2756 neque
1698 2683 1918 2757 tamen,
1956 2681 2110 2740 sicut
2147 2700 2246 2738 ex·

213 2770 593 2843 spectaveriS,
630 2788 738 2844 per
774 2788 835 2829 se
874 2773 1038 2828 stant
1075 2771 1450 2844 vetustiores,
1488 2789 1595 2845 per
1632 2788 1693 2828 se
1730 2772 2103 2843 recentiores,
2141 2769 2242 2827 sed

211 2858 298 2915 ita
344 2877 440 2917 res
480 2876 539 2916 se
578 2858 777 2927 habet,
822 2860 892 2917 ut
929 2859 1053 2917 cod.
1084 2860 1149 2918 F
1179 2878 1220 2918 s.
1251 2859 1364 2917 XV
1399 2860 1463 2916 in
1500 2859 1851 2917 universum
1888 2877 2072 2935 quam
2107 2877 2244 2934 pro-

214 2948 367 3006 xime
405 2948 650 3007 accedat
688 2948 764 3006 ad
799 2948 925 3007 cod.
953 2948 1012 3006 L
1049 2966 1092 3006 s,
1123 2948 1203 3022 X,
1243 2950 1451 3007 contra
1496 2947 1619 3009 cod.
1648 2947 1709 3006 A
1746 2967 1791 3007 s.
1821 2948 1876 3006 X
1924 2949 1983 3007 et
2030 2946 2154 3006 cod.
2188 2946 2247 3005 6

214 3056 253 3095 S.
274 3036 387 3094 XV
418 3036 639 3095 artiore
678 3037 916 3095 vinculo
945 3037 1405 3115 coniungantur,
1442 3036 1504 3095 id
1535 3037 1694 3113 quod
1720 3036 1926 3112 paucis
1957 3036 2247 3111 exemplis

215 3145 244 3184 e
288 3125 526 3184 Phorm.
565 3126 713 3202 prol.
753 3126 958 3201 petitis
1005 3125 1310 3185 illustrare
1360 3127 1510 3184 mihi
1545 3127 1751 3185 liceat:
1798 3130 2043 3185 utantur
2093 3125 2148 3182 L
2168 3126 2249 3200 F,

214 3219 459 3274 utuntur
516 3213 577 3272 A
604 3214 694 3285 6,·
748 3218 900 3274 enim
959 3215 1264 3274 Terentius
1318 3215 1377 3273 L
1405 3216 1488 3284 F,
1539 3234 1646 3274 om.
1683 3214 1755 3273 .A
1789 3215 1877 3286 6,·
1938 3215 2246 3273 Terentius

214 3305 412 3375 fecer-it
437 3303 496 3361 L
514 3304 590 3372 F,
615 3306 729 3376 fec·
744 3303 953 3363 Ter-A
977 3304 1067 3376 6,·
1101 3306 1217 3363 ista
1243 3307 1447 3377 fecisse
1484 3305 1539 3362 L
1560 3305 1633 3373 F,
1670 3307 1777 3363 iste
1811 3305 2039 3376 fecisset
2070 3303 2131 3362 A
2155 3303 2247 3375 6,·

214 3409 384 3451 orare
411 3393 467 3450 L
489 3393 562 3467 F,
601 3396 652 3451 et
679 3410 850 3452 orare
877 3391 937 3451 A
960 3393 1048 3464 6,·
1086 3397 1241 3456 enim
1267 3394 1323 3451 L
1345 3394 1418 3469 F,
1457 3399 1540 3452 est
1576 3395 1729 3452 enim
1756 3391 1816 3451 A
1839 3393 1927 3463 6,·
1964 3411 2002 3451 a
2031 3410 2243 3452 comoe-

215 3483 327 3539 diis
361 3482 529 3555 longe
554 3482 785 3540 videtur
813 3473 1043 3541 alienus
1070 3483 1224 3552 LF,
1261 3483 1426 3555 longe
1462 3501 1501 3540 a
1538 3500 1690 3540 com-
1710 3484 1939 3541 videtur
1976 3480 2248 3552 ccl-AG,-

216 3572 363 3643 quod
410 3572 617 3630 deinde
664 3573 816 3645 quod
861 3572 1022 3648 LF,
1070 3573 1277 3632 deinde
1334 3572 1486 3642 quod
1533 3569 1706 3642 Α6,·
1758 3573 1946 3644 mayis
1992 3571 2138 3644 LF,
2193 3575 2248 3627 et

215 3662 401 3734 mayis
436 3658 496 3718 A
520 3660 601 3739 6;
649 3678 832 3719 causa
870 3679 939 3720 ea
977 3662 1050 3735 L,
1097 3679 1270 3721 cause
1315 3678 1355 3717 a
1393 3659 1467 3727 F,
1514 3677 1697 3718 causa
1740 3660 1851 3717 hac
1885 3656 1946 3715 A
1969 3657 2057 3727 6,·
2083 3662 2244 3728 pote·
