2661 3940
824 317 855 377 ξ
894 318 943 364 4.
1000 310 1095 364 DE
1133 311 1600 367 EDITIONIBVS
2105 310 2234 367 XXI

189 480 531 540 Fridericus
608 479 988 558 Lindenbrog
1058 481 1304 540 Parisiis
1379 500 1430 540 a.
1491 483 1659 540 1602
1728 485 1788 540 et
1851 481 2232 541 Francofurti

193 588 242 628 a.
275 571 446 628 1623
483 569 572 650 (p.
607 561 1007 650 501—584),
1038 570 1141 645 qui
1177 572 1240 628 in
1278 571 1650 647 praefatione
1679 571 1824 629 haec
1851 574 2058 629 narrat
2086 565 2229 629 ‘Eu-

197 657 515 736 graphium
553 677 675 717 non
713 660 818 717 uni
854 657 1151 718 debemus.
1214 659 1461 718 Praeter
1497 677 1691 735 pauca
1718 660 1877 718 enim
1911 660 2038 729 illa,
2076 680 2228 736 quae
2293 710 2296 714 .

195 747 369 806 huius
432 747 809 806 Scholiastae
858 748 1124 807 Faernus
1180 748 1274 807 vir
1330 746 1683 825 diligentiss.
1740 750 1886 808 olim
1936 751 2000 806 in
2049 747 2229 808 Italia

194 837 611 913 provulgavit,
663 836 784 895 alia
836 837 1013 914 longe
1063 837 1238 914 plura
1291 857 1361 894 ex
1412 837 1831 913 antiquissimo
1882 838 2035 897 libro
2087 839 2228 897 Ant.

194 925 441 984 Loiselli
474 926 525 984 I.
566 924 626 985 C.
661 943 817 984 nunc
852 928 1115 1001 primum
1152 926 1341 985 edita:
1379 929 1440 986 et
1478 945 1632 1002 quae
1669 927 1811 985 huic
1849 927 2112 1000 deerant,
2159 948 2228 986 ex

194 1014 459 1081 nobiliss,
534 1015 742 1074 Franc.
791 1011 1044 1074 Olivarii
1106 1015 1303 1075 codice
1370 1016 1647 1092 suppleta
1712 1011 1894 1074 sunt.'
1991 1016 2230 1076 Adiecit

195 1103 383 1180 igitur
435 1102 820 1181 Lindenbrog
884 1103 959 1162 ad
1017 1105 1402 1182 prologorum
1456 1107 1879 1178 commentum,
1945 1105 2104 1180 quod
2159 1125 2228 1164 ex

196 1192 414 1252 Faerni
461 1194 721 1252 editione
776 1193 1128 1269 desumpsit,
1177 1213 1248 1252 ea
1295 1212 1447 1270 quae
1493 1194 1557 1251 in
1603 1194 1830 1253 duobus
1878 1194 2002 1252 illis
2058 1193 2227 1254 libris

198 1283 625 1357 manuscriptis
663 1282 921 1357 invenit,
969 1302 1119 1358 quos
1155 1283 1338 1342 fuisse
1386 1282 1646 1342 codicem
1682 1282 2030 1342 Leidensem
2070 1283 2128 1341 L
2166 1285 2227 1342 et

196 1370 541 1430 Parisinum
584 1371 632 1429 S
681 1370 1077 1448 Gerstenberg
1123 1372 1594 1432 luculentissime
1643 1372 2077 1431 demonstravit
2124 1364 2225 1452 (cf.

193 1461 378 1519 etiam
415 1460 566 1519 Mus.
595 1461 781 1519 Rhen.
814 1452 990 1541 349).
1057 1459 1176 1519 Sed
1212 1479 1343 1519 cum
1382 1461 1447 1519 hi
1475 1460 1702 1521 codices
1730 1462 2031 1538 integrum
2070 1479 2226 1520 com-

195 1552 464 1608 mentum
509 1568 628 1608 non
674 1550 1006 1622 exhibeant,
1053 1553 1514 1610 consentaneum
1561 1553 1652 1610 est
1697 1551 1758 1607 in
1797 1550 2228 1628 Lindenbrogii

193 1637 456 1697 editione
485 1637 807 1697 desiderari
836 1658 990 1714 quae
1018 1639 1083 1696 in
1108 1635 1232 1697 illis
1261 1639 1496 1713 desunt,
1525 1657 1603 1698 sc.
1632 1638 1903 1714 Hecyrae
1933 1657 2225 1698 commen-

199 1729 329 1785 tum
367 1729 614 1803 excepto
651 1728 902 1805 prologo
942 1730 1152 1803 totum,
1191 1727 1599 1804 Adelphorum
1638 1731 2040 1787 commentum
2084 1728 2228 1786 inde·

197 1835 232 1874 a
267 1815 363 1874 ΠΙ
396 1816 452 1889 5,
476 1819 515 1875 4
556 1808 656 1897 (cf.
685 1809 787 1897 S),
832 1817 1208 1876 Phormionis
1247 1820 1642 1876 commentum
1683 1817 1759 1874 ad
1798 1819 1907 1876 act.
1936 1816 2031 1875 III
2067 1820 2126 1876 et
2163 1817 2225 1874 in

193 1905 442 1981 reliquis
480 1904 752 1981 partibus
789 1907 1112 1982 permulta,
1165 1905 1236 1964 de
1275 1905 1489 1982 quibus
1528 1907 1601 1965 cf.
1632 1926 1783 1982 quae
1822 1907 1893 1964 de
1931 1905 2129 1965 codice
2165 1906 2224 1964 L

194 2013 376 2070 supra
415 1996 677 2071 exposui.
753 1996 919 2066 Quae
957 1996 1034 2055 ad
1072 1999 1394 2055 extremam
1432 1996 1708 2055 Eunuchi
1745 2001 1978 2072 partem
2016 1999 2076 2055 et
2112 1998 2224 2053 ini-

191 2084 345 2142 tium
380 2084 1051 2144 Heautontimorumeni
1096 2085 1330 2144 exhibet
1366 2084 1766 2162 Lindenbrog,
1816 2104 1885 2145 ea
1924 2084 2000 2143 ad
2034 2103 2225 2142 unum

191 2173 458 2232 codicem
492 2173 542 2232 S
581 2174 775 2232 redire
820 2176 978 2233 recte
1016 2174 1324 2234 contendit
1361 2173 1772 2252 Gerstenberg,
1820 2174 2042 2250 quippe
2090 2193 2224 2232 cum

191 2264 254 2320 in
306 2262 435 2322 cod.
478 2262 537 2320 L
601 2263 698 2321 hic
750 2266 1039 2339 quattuor
1091 2264 1239 2322 folia
1288 2262 1643 2321 interierint.
1736 2262 1900 2321 Idem
1948 2281 2009 2320 v.
2053 2262 2105 2319 d.
2151 2262 2223 2321 de

191 2353 426 2411 ratione
464 2370 583 2427 qua
617 2352 684 2410 in
722 2351 1070 2411 adhibendis
1106 2351 1275 2410 libris
1313 2351 1735 2428 manuscriptis
1773 2370 1914 2410 usus
1967 2354 2047 2410 sit
2085 2351 2223 2410 Lin-

190 2440 460 2517 denbrog
485 2440 633 2499 haec
660 2440 841 2499 verba
867 2441 1015 2499 fecit
1042 2432 1127 2520 (p.
1153 2433 1291 2521 20):
1321 2434 1571 2500 ‘scholia
1597 2440 1774 2500 modo
1804 2460 1873 2499 ex
1901 2460 2019 2500 uno
2047 2440 2223 2500 modo

189 2548 261 2587 ex
301 2530 494 2588 altero
533 2530 731 2589 codice
765 2529 1170 2604 exscribendo,
1217 2530 1393 2588 modo
1439 2531 1610 2588 varia
1664 2531 1975 2605 utriusque
2021 2530 2222 2589 redac-

187 2619 372 2678 tionis
415 2619 640 2677 scholia
687 2619 1152 2696 conglutinando
1190 2619 1404 2692 effecit,
1451 2623 1523 2678 ut
1572 2621 1637 2677 in
1677 2619 2035 2678 editionibus
2083 2639 2224 2677 neu-

186 2708 341 2766 trius
403 2707 764 2767 redactionis
830 2725 1168 2783 expressam
1222 2708 1549 2785 imaginem
1603 2708 1927 2767 habeamus
1992 2705 2223 2784 [memi-

188 2799 347 2857 nisse
377 2798 540 2856 enim
569 2796 848 2855 debemus
878 2796 1042 2857 codd.
1063 2797 1124 2855 B
1155 2801 1214 2855 et
1240 2796 1288 2855 S
1313 2796 1390 2855 ad
1417 2798 1816 2857 recensionem
1841 2820 1880 2855 α
1907 2797 2222 2873 pertinere,

188 2886 316 2945 cod.
360 2886 423 2944 L
483 2885 558 2943 ad
620 2905 736 2945 rec.
778 2880 862 2964 β].
956 2885 1114 2954 Quin
1171 2888 1357 2944 etiam
1403 2887 1628 2946 scholia
1674 2886 1963 2946 nonnulla
2012 2881 2221 2965 [immo

187 2974 336 3033 satis
385 2972 606 3051 multa]
656 2975 732 3033 ab
781 2995 848 3034 eo
896 2976 1117 3034 omissa
1163 2970 1343 3034 sunt.'
1419 2975 1530 3035 His
1577 2976 1770 3035 facere
1816 2993 1935 3035 non
1979 2993 2221 3050 possum

187 3064 335 3139 quin
383 3063 716 3139 adsentiar,
774 3064 879 3124 sed
923 3084 997 3121 ne
1044 3064 1308 3141 iniquius
1361 3064 1702 3138 iudicemus,
1763 3064 1919 3122 idem
1966 3063 2221 3122 Linden-

186 3152 336 3231 brog
406 3173 529 3213 non
582 3156 789 3230 paucis
855 3154 999 3214 locis
1054 3157 1284 3212 textum
1341 3156 1663 3213 commenti
1724 3152 2061 3212 emendavit
2124 3154 2223 3212 vel

186 3243 503 3301 emendare
542 3247 787 3301 conatus
829 3246 934 3303 est.

2249 1696 2303 1752 0

367 3332 459 3389 Ex
489 3332 748 3390 editione
776 3330 1297 3410 Lindenbrogiana
1325 3331 1587 3408 pendent
1616 3335 1676 3389 et
1705 3330 1886 3390 editio
1916 3330 2219 3391 Leidensis

188 3412 549 3499 (Amstelod.
589 3423 650 3479 et
694 3419 885 3498 Lugd.
915 3414 1155 3502 Batav.)
1204 3440 1254 3481 a.
1289 3423 1458 3480 1686
1500 3422 1687 3492 facta,
1736 3422 1901 3479 cuius
1948 3421 2221 3479 meminit

190 3509 547 3569 Westerhov
592 3502 693 3591 (cf.
726 3510 1122 3589 Gerstenberg
1167 3532 1225 3587 p.
1258 3513 1292 3569 3
1344 3514 1404 3569 et
1441 3531 1497 3585 p.
1531 3513 1608 3567 21
1653 3509 1787 3567 adn.
1820 3505 1887 3588 2)
1929 3513 1987 3568 et
2032 3510 2219 3583 ipsius

188 3597 592 3658 Westerhovii
627 3599 900 3678 Hagana.

370 3689 430 3747 3.
477 3688 882 3765 Eugraphii
929 3689 1485 3748 commentarius
1533 3688 1605 3743 in
1652 3686 1937 3744 fabulas
1974 3682 2216 3742 Publii
2252 3683 2501 3737 Westerh.
