2661 3940
874 333 903 393 ξ
943 334 993 381 4.
1049 327 1146 382 DE
1184 327 1650 384 EDITIONIBVS
2097 328 2277 382 XXIII

244 497 391 556 iuris
441 516 568 557 0880
615 497 842 556 factam
886 499 952 554 in
991 498 1278 556 auxilium
1324 498 1556 557 vocatis
1590 498 1888 558 codicibus
1928 498 2129 572 BVS,
2177 498 2277 557 sed

241 586 508 646 melioris
571 588 932 647 recensionis
988 586 1027 664 β
1088 605 1372 664 magnam
1434 590 1667 663 partem
1733 587 2083 660 desiderari,
2148 606 2279 646 eam

245 675 474 735 scilicet
511 695 697 752 quam
742 675 855 736 8011
892 675 1171 734 exhibent
1207 675 1439 736 codices
1476 675 1699 751 ΑΓΘ,
1747 696 1880 735 011111
1927 681 1988 736 01
2024 676 2279 735 Linden-

241 765 394 843 brog
432 767 494 823 et
530 764 886 824 Westerhov
921 783 1040 823 uno
1079 764 1278 824 codice
1315 766 1375 823 L
1412 767 1626 824 mutilo
1662 768 1760 826 usi
1796 766 1931 826 sint

426 856 485 913 4.
544 857 604 912 et
663 855 717 912 5
784 853 900 915 Hic
951 854 1500 913 commemorandae
1569 859 1707 914 sunt
1762 855 2077 929 editioneS,
2134 874 2279 931 quas
2324 901 2510 954 Zewm

245 944 520 1003 fecerunt
545 943 601 1002 J.
634 941 696 1001 C.
729 943 1036 1019 Zeunius
1068 941 1306 1018 Lipsiae
1335 963 1388 1021 a.
1415 947 1585 1002 1774
1616 947 1677 1003 et
1703 945 1771 1003 R.
1803 944 2013 1004 Klotz
2042 943 2283 1020 Lipsiae
2323 973 2497 1025 Klotz

247 1052 297 1092 a.
352 1033 814 1092 1838—1840.
905 1031 1172 1106 Uterque
1230 1031 1425 1092 editor
1481 1033 1800 1092 editionem
1855 1033 2281 1110 Lindenbrogii

246 1141 378 1181 cum
437 1121 842 1181 Westerhovii
896 1121 1326 1198 supplementis
1390 1120 1455 1180 in
1519 1139 1693 1180 suum
1757 1142 1928 1182 usum
1987 1122 2283 1181 convertit

245 1211 414 1270 nullo
451 1212 995 1286 manuscriptorum
1032 1210 1319 1269 librorum
1362 1211 1624 1270 subsidio
1663 1213 2021 1286 instructus3
2069 1210 2181 1269 hac
2217 1231 2281 1269 re

245 1304 451 1359 tamen
490 1299 773 1358 differunt
811 1299 967 1374 quod
995 1298 1172 1358 Klotz
1208 1302 1273 1358 in
1308 1302 1652 1359 universum
1691 1302 1837 1360 satis
1873 1301 2088 1360 habuit
2122 1302 2283 1375 prio-

245 1410 381 1448 rum
421 1389 718 1448 editorum
754 1387 1010 1466 vestigia
1047 1391 1217 1466 sequi
1253 1392 1460 1465 paucis
1499 1390 1569 1447 de
1608 1408 1714 1448 suo
1755 1389 1991 1464 additis,
2031 1408 2182 1465 quae
2220 1389 2282 1447 in

246 1474 589 1537 ‘corollario
628 1478 1086 1537 adnotationum
1122 1478 1199 1536 ad
1232 1478 1546 1556 Eugraphi
1582 1473 2097 1538 commentarium'
2136 1471 2282 1559 (vol.

244 1568 305 1626 H
341 1588 401 1644 p.
436 1560 818 1648 604—615)
858 1567 1260 1627 Westerhovii
1316 1569 1669 1627 coniecturis
1727 1568 2009 1644 adspersa
2064 1571 2285 1644 reperi-

244 1660 447 1732 untur,
496 1675 633 1716 cum
683 1657 941 1716 Zeunius
981 1658 1149 1715 enixe
1178 1675 1420 1734 operam
1450 1656 1694 1724 dederit,
1732 1660 1801 1716 ut
1840 1676 1992 1732 quae
2020 1657 2281 1717 Wester-

245 1747 416 1806 hovii
443 1747 540 1805 vel
566 1747 803 1805 incuria
829 1746 927 1804 vel
954 1746 1118 1822 turpi
1144 1747 1386 1805 inscitia
1415 1746 1656 1805 foedata
1685 1750 1745 1805 01
1774 1750 2057 1821 corrupta
2086 1750 2287 1805 essent

248 1829 345 1918 (cf.
377 1836 497 1895 vol.
527 1835 589 1893 Π
615 1856 672 1912 p.
701 1826 841 1915 HI),
877 1835 942 1893 in
981 1837 1271 1910 quantum
1309 1839 1512 1911 posset
1549 1835 1905 1895 coniecturis
1944 1834 2288 1894 emendaret

245 1928 427 2003 atque
467 1926 723 1990 sanaret.
801 1923 934 1993 Qua
979 1923 1042 1982 in
1089 1944 1152 1984 re
1202 1924 1314 1984 etsi
1354 1925 1590 2001 saepius
1626 1925 1866 2003 ingenio
1905 1925 2157 1985 nimium
2193 1925 2282 1983 in-

246 2016 461 2091 dulsit,
506 2018 709 2074 tamen
747 2034 866 2073 non
902 2033 1097 2090 pauca
1132 2013 1316 2092 digna
1361 2015 1492 2074 visa
1530 2017 1694 2089 sunt,
1743 2035 1895 2091 quae
1932 2034 2122 2074 novae
2160 2015 2284 2074 edi·-

243 2104 395 2164 tioni
444 2106 862 2179 insererentur.

425 2282 557 2340 Iam
593 2284 805 2350 restat,
853 2283 924 2339 ut
960 2280 1032 2339 de
1069 2300 1260 2340 novae
1299 2280 1578 2340 editionis
1615 2281 1814 2341 indole
1851 2283 2141 2340 nonnulla
2179 2283 2282 2341 ad-

247 2372 399 2431 dam.
500 2369 746 2431 Secutus
798 2389 929 2430 sum
978 2370 1191 2447 igitur,
1251 2374 1322 2428 111
1371 2389 1483 2446 par
1533 2374 1663 2429 erat
1712 2373 1956 2447 propter
2008 2390 2078 2429 ea
2128 2391 2283 2448 quae

248 2480 429 2537 supra
466 2459 539 2518 de
576 2460 888 2535 utriusque
917 2462 1275 2519 recensionis
1303 2463 1520 2519 natura
1550 2462 1814 2535 exposui,
1849 2459 2034 2519 libros
2070 2480 2281 2519 manu-

247 2552 501 2627 scriptos
537 2550 897 2609 recensionis
935 2548 1000 2626 β,
1047 2548 1131 2608 810
1178 2550 1421 2624 quidem
1465 2552 1535 2606 ut
1580 2549 1853 2607 codicum
1889 2549 2021 2607 LF
2060 2568 2283 2609 memo--

247 2641 398 2697 riam
445 2639 510 2697 in
558 2641 851 2714 quantum
896 2637 1026 2697 fieri
1070 2637 1271 2715 potuit
1315 2633 1555 2697 omnino
1603 2639 1981 2713 praeferrem,
2028 2639 2286 2698 leviores

249 2733 453 2787 autem
509 2728 940 2804 discrepantias
995 2728 1398 2805 neglegerem,
1469 2727 1785 2787 dummodo
1843 2728 1913 2787 de
1971 2728 2283 2804 archetypi

250 2818 504 2877 lectione
541 2817 688 2877 satis
727 2819 1042 2875 constaret.
1109 2817 1270 2887 Quae
1308 2820 1372 2875 in
1409 2818 1749 2876 recensione
1788 2841 1826 2875 α
1864 2819 2086 2877 01111880
2122 2821 2285 2891 sunt,

249 2926 317 2967 ea
364 2906 586 2966 litteris
635 2906 941 2965 inclinatis
996 2904 1380 2981 exprimenda
1430 2908 1660 2981 curavi3
1723 2924 1875 2981 quae
1926 2906 2159 2982 addita,
2210 2925 2284 2963 ea

250 2995 355 3054 sub
396 2997 586 3073 signo*
618 3019 656 3056 α
691 2995 936 3073 proprio
982 2995 1115 3054 loco
1163 2994 1451 3055 collocavi
1491 2995 1765 3070 apposito
1813 2995 2124 3068 asteriscO,
2179 2996 2284 3070 qui

249 3085 560 3159 indicaret,
589 3103 707 3160 quo
730 3103 1000 3160 quaeque
1018 3084 1407 3159 interpolatio
1437 3086 1593 3143 esset
1610 3084 1943 3158 referenda,
1971 3087 2283 3160 praeterea

248 3177 316 3233 ut
351 3173 546 3233 omnis
591 3193 755 3233 error
789 3174 1128 3248 tolleretur,
1174 3192 1454 3232 versuum
1489 3175 1802 3232 numerum
1840 3173 2143 3232 uncinulis
2190 3176 2279 3231 in-

250 3265 477 3323 clusum
543 3262 746 3322 adieci.
838 3264 1123 3339 Reliqua,
1188 3282 1341 3339 quae
1408 3282 1444 3321 a
1506 3265 1898 3321 retractatore
1960 3264 2287 3322 immutata

250 3356 405 3428 sunt,
442 3351 708 3412 indicata
744 3351 1009 3412 invenies
1046 3354 1109 3410 in
1150 3351 1357 3411 critico
1396 3355 1707 3428 apparatu.

428 3440 597 3511 Quod
635 3442 712 3500 ad
742 3441 1010 3500 ordinem
1037 3441 1382 3500 fabularum
1424 3442 1657 3514 attinet,
1697 3460 1871 3517 quem
1899 3438 2279 3518 Eugraphius

252 3534 486 3591 secutus
544 3534 660 3605 est,
714 3548 810 3590 res
864 3531 1031 3589 nullo
1087 3529 1329 3607 negotio
1387 3528 1463 3588 ad
1522 3532 1749 3589 certum
1804 3530 1981 3587 finem
2034 3528 2281 3604 perduci

248 3624 461 3697 potest.
553 3620 797 3679 Etenim
862 3619 913 3679 si
968 3619 1196 3679 codices
1251 3619 1626 3694 inspicimus,
1688 3620 1844 3677 hunc
1907 3620 1971 3675 in
2030 3616 2279 3691 sing-ulis

251 3710 516 3770 ordinem
553 3709 912 3769 invenimus:
