2661 3940
358 236 486 299 318
919 235 1295 291 EVGRAPHI
1332 235 1806 291 COMMENTVM

191 406 321 463 573
358 423 664 471 NVMQVAM
711 423 1099 465 MONSTRABO.
1146 436 1221 446 -
1276 397 1370 462 34
1416 423 1643 464 nos-rm
1693 423 2009 465 Possrrcvu
2064 424 2230 464 APVD
2288 425 2408 464 MA·

363 512 607 553 CELLVM
653 511 820 554 HANG
867 513 1159 555 DEORSVM
1205 494 1424 554 falsum
1460 496 1525 551 in
1562 494 1764 553 locum
1799 496 1993 553 mittit
2028 495 2204 573 longe
2241 495 2409 570 posi-

195 585 324 642 576
359 586 508 657 tum,
555 588 625 642 ut
670 583 993 643 circumeat
1029 585 1355 643 ciuitatem.
1398 616 1481 624 —
1522 575 1611 641 37
1656 601 1980 643 swanum
2017 602 2181 644 sacer
2217 584 2411 658 locus,

360 676 431 731 ut
476 671 767 750 Virgilius
815 666 967 753 (Ecl.
997 674 1124 731 III
1156 666 1223 754 9)
1273 667 1400 732 ‘sed
1452 672 1661 731 faciles
1715 672 2017 749 nymphae
2070 675 2255 732 risere
2304 692 2404 733 sa-

192 763 321 820 578
361 757 553 821 cello’.
600 794 684 802 —
736 755 826 821 39
875 779 1276 822 Anemossrvu
1330 761 1501 821 uicus
1558 765 1848 839 angustus
1905 765 1967 820 et
2010 761 2226 822 breuis.
2297 763 2404 821 sed
2467 783 2494 823 5

195 852 319 909 584
360 850 458 910 hic
513 870 727 928 genere
783 855 991 910 neutro
1047 853 1310 927 positum
1367 853 1473 910 est.
1513 883 1595 890 —
1649 842 1740 908 45
1789 868 2115 910 P1s'rRILLA
2160 871 2243 909 nx
2288 870 2403 910 AD·

196 941 320 998 585
360 958 559 1000 vssssso
587 940 924 1015 pistrinum.
954 973 1041 980 —
1072 932 1167 998 46
1204 958 1524 1000 nnc‘rvnos
1561 958 1626 998 m
1656 958 1810 999 som
1838 958 2108 1000 1L1enms
2138 958 2407 1001 annvs

196 1030 325 1088 586
360 1030 472 1087 hoc
518 1033 609 1088 est
654 1029 903 1105 pedibus
951 1030 1021 1088 de
1068 1029 1219 1089 ilice.
1258 1061 1347 1069 —-·
1386 1021 1476 1087 47
1527 1048 1633 1089 vm
1678 1047 1940 1089 Pomms
1999 1048 2101 1087 Vos
2147 1030 2211 1087 in
2259 1031 2404 1104 sole,

364 1137 481 1194 quo
537 1118 702 1177 locus
758 1119 1023 1179 conuiuii
1079 1118 1317 1178 senibus
1371 1119 1437 1176 in
1484 1118 1606 1177 sole
1652 1135 1780 1178 esse
1825 1120 2032 1194 possit.
2098 1119 2196 1177 uel
2244 1120 2409 1195 quod

364 1205 568 1266 Cicero
607 1199 751 1287 (pro
793 1208 1058 1282 Quinctio
1108 1208 1210 1277 18,
1244 1199 1355 1286 59)
1400 1207 1555 1265 dixit
1602 1202 1951 1282 ‘numquam
1999 1208 2075 1265 ad
2114 1209 2405 1267 solarium
2439 1230 2493 1269 ιο

197 1297 323 1355 587
361 1292 519 1354 fuit'.
561 1328 643 1337 -
692 1289 787 1355 48
837 1314 1232 1356 sulmnnmvm
1279 1296 1613 1372 particulae
1661 1299 1801 1355 sunt
1841 1297 2208 1372 inferiarum,
2248 1317 2407 1373 quae

363 1385 616 1444 mortuis
682 1386 915 1444 dantur.
992 1386 1098 1445 alii
1162 1386 1528 1462 intellegunt
1590 1381 1998 1444 ‘silicernium'
2058 1386 2217 1462 quod
2281 1386 2409 1445 iam

363 1477 668 1533 s'enectute
716 1494 931 1534 curuus
978 1475 1173 1534 silices
1217 1477 1437 1534 cernat.

1360 1744 1416 1801 3.

197 1869 327 1927 592
545 1859 581 1925 l
624 1884 747 1926 noo
785 1886 849 1925 m
887 1886 1011 1927 nAc
1051 1887 1129 1925 RE
1166 1885 1339 1925 Num,
1378 1885 1643 1927 nummo
1683 1885 1854 1933 QVAM
1884 1886 1965 1927 on
1992 1887 2118 1926 mm
2157 1885 2407 1928 LAVDER

366 1952 679 2035 “ingratus
726 1956 919 2035 Hegio
976 1975 1108 2015 cum
1168 1956 1397 2034 gratias
1454 1959 1677 2033 ageret,
1725 1956 1884 2033 quod
1928 1957 2105 2018 Micio
2153 1959 2402 2034 promit·
2437 1980 2486 2020 ιο

366 2049 523 2105 teret
558 2066 620 2105 se
660 2046 937 2105 daturum
976 2065 1236 2123 operam,
1274 2048 1367 2104 uti
1403 2045 1561 2105 filius
1599 2065 1739 2106 suus
1776 2046 1944 2105 illam
1982 2047 2223 2106 duceret
2258 2068 2404 2107 uxo-

366 2155 493 2194 rem
522 2154 674 2211 quae
712 2136 932 2194 uitiata
969 2136 1184 2210 fuerat,
1208 2135 1356 2194 dicit
1383 2155 1499 2194 non
1529 2137 1686 2194 iuste
1715 2155 1776 2195 se
1805 2136 2040 2195 laudari
2069 2140 2405 2212 propterea,

366 2225 509 2300 quia
562 2225 755 2302 magis
811 2223 1073 2285 officium
1127 2243 1302 2284 suum
1356 2224 1520 2298 facit,
1575 2245 1695 2284 non
1761 2225 1867 2285 alii
1925 2229 2211 2300 praestat,
2268 2246 2401 2285 cum

201 2317 327 2374 601
367 2317 679 2389 peccatum
736 2332 906 2372 suum
964 2315 1242 2392 corrigat.
1295 2346 1372 2354 -—·
1442 2306 1530 2373 10
1586 2331 1643 2372 ει
1697 2333 1804 2373 ITA
1857 2332 2112 2381 AEviu
2174 2334 2402 2376 causas

365 2422 487 2462 AVT
545 2421 602 2462 SI
653 2421 758 2460 rrA
816 2422 969 2463 opvs
1025 2422 1139 2462 Es'r
1200 2420 1403 2462 FAc'ro
1469 2403 1840 2479 expetiuerat
1899 2404 2109 2482 Hegio,
2167 2407 2260 2463 uti
2324 2405 2396 2463 ad
2430 2428 2480 2467 so

363 2492 640 2550 mulieres
695 2493 873 2551 Micio
928 2495 1204 2569 pergeret
1258 2495 1319 2551 et
1373 2492 1519 2551 haec
1566 2492 1773 2551 eadem
1819 2493 1940 2551 illis
1987 2494 2400 2569 praesentibus

365 2581 765 2657 polliceretur.
813 2601 1025 2640 uerum
1063 2581 1438 2640 dubitatione
1477 2583 1650 2641 utens
1687 2582 2007 2658 pollicetur
2041 2582 2237 2642 Micio.
2288 2584 2401 2643 hoc

367 2673 438 2728 ut
483 2670 720 2746 plenius
756 2670 886 2728 fieri
922 2672 1131 2746 possit,
1166 2672 1487 2746 persuadet
1522 2670 1737 2748 Hegio,
1777 2671 1936 2747 quod
1972 2671 2111 2730 illae
2149 2673 2402 2732 miserae

367 2760 625 2818 alterum
669 2760 956 2818 solacium
1009 2759 1373 2820 calamitatis
1418 2760 1636 2819 habere
1681 2779 1802 2819 non
1846 2761 2092 2835 possint,
2138 2760 2255 2819 nisi
2306 2761 2403 2822 hic

364 2849 747 2926 polliceatur:
796 2843 1021 2908 ‘omnes
1069 2848 1244 2923 enim,
1290 2849 1506 2925 quibus
1547 2866 1642 2907 res
1677 2850 1878 2909 minus
1915 2850 2205 2909 secundae
2243 2854 2400 2926 sunt,
2428 2871 2475 2911 25

365 2938 563 2997 nescio
622 2956 737 3013 quo
800 2938 975 2997 modo
1044 2941 1183 2996 sunt
1245 2939 1587 3015 suspiciosi3
1643 2938 1842 2997 omnia
1906 2957 2059 3014 quae
2117 2939 2270 2998 fiunt
2325 2940 2398 2998 ad

547 3131 581 3178 4
620 3125 787 3179 facile
823 3127 977 3180 codd.
1020 3130 1038 3186 ΙΙ
1093 3131 1125 3179 5
1164 3126 1286 3197 sed]
1325 3128 1384 3179 et
1410 3125 1440 3179 ,9
1492 3127 1510 3194 ΙΙ
1568 3131 1595 3178 ’1
1634 3124 1900 3196 inligneis
1938 3126 2006 3191 P,
2051 3125 2255 3196 ligneis
2297 3128 2346 3182 G
2381 3128 2400 3196 ΙΙ

367 3204 399 3253 8
439 3197 592 3269 (ex)
631 3197 871 3265 pedibus
914 3198 1051 3261 61³3
1088 3196 1321 3267 inlignis
1360 3196 1607 3266 (iligneis
1648 3198 1721 3266 V)
1758 3198 1886 3252 add.
1918 3218 1955 3251 α
2000 3201 2019 3267 ΙΙ
2060 3202 2090 3250 9
2130 3198 2266 3270 quo]
2303 3198 2399 3266 qui

376 3269 651 3334 Westerh„
689 3268 841 3336 quod
879 3268 1085 3324 Schoell
1116 3271 1124 3334 Ι
1158 3268 1408 3322 conuiuii
1448 3270 1558 3324 W.:
1598 3268 1744 3334 c‘ouii
1789 3269 1857 3334 G,
1893 3268 1989 3322 δαί
2023 3271 2090 3332 Ρ,
2129 3286 2230 3323 om.
2271 3270 2360 3324 VS
2381 3271 2399 3339 ΙΙ

371 3346 436 3390 15
466 3340 787 3407 ingrediens
806 3339 837 3392 ,9
863 3341 978 3393 nisi
1001 3341 1142 3406 forte
1160 3341 1434 3394 nonnulla
1453 3341 1772 3394 exciderunt
1797 3343 1815 3409 Ιῖ
1847 3345 1910 3394 17
1943 3340 2084 3394 dicit
2102 3343 2193 3410 (sc.
2210 3340 2398 3410 Micio)

369 3410 504 3476 non]
543 3410 674 3461 dum
715 3431 752 3463 α
784 3412 792 3478 Ι
824 3408 1050 3462 laudari
1084 3426 1143 3464 se
1181 3431 1219 3464 α
1246 3414 1264 3478 ΙΙ
1293 3418 1362 3464 20
1401 3430 1531 3465 orvs
1563 3430 1658 3464 ns'r
1686 3412 1881 3484 rAc'ro]
1911 3414 2161 3465 omnium
2189 3413 2294 3482 (-ni
2328 3413 2397 3481 G)

370 3475 524 3526 facta
559 3480 710 3532 codd.
744 3482 753 3547 Ι
786 3481 1138 3547 expetiuerat
1175 3483 1441 3551 Schopen:
1480 3486 1634 3536 -rant
1670 3484 1823 3538 codd.
1858 3487 1866 3552 Ι
1900 3483 2150 3555 (rogat)
2183 3484 2265 3538 uti
2307 3485 2357 3540 G
2383 3487 2401 3555 ΙΙ

374 3546 440 3591 23
477 3546 543 3593 ut
580 3548 858 3603 Westerh.:
897 3551 954 3602 in
994 3552 1145 3606 codd.
1180 3556 1189 3620 Ι
1220 3569 1386 3621 posse
1428 3554 1479 3609 G
1506 3556 1524 3622 ΙΙ
1553 3559 1621 3607 24
1657 3555 1877 3623 possint
1904 3555 2172 3624 Schopen:
2212 3561 2400 3625 posset

374 3610 524 3662 codd.
559 3612 567 3679 Ι
599 3616 931 3678 polliceatur
966 3621 1073 3675 hoc
1114 3622 1165 3677 G
1210 3626 1229 3692 ΙΙ
1274 3630 1343 3677 25
1381 3626 1639 3679 omnibus
1677 3647 1714 3679 α
1742 3628 1760 3695 ΙΙ
1789 3632 1856 3679 26
1895 3630 2027 3681 sunt
2063 3644 2166 3682 om.
2195 3649 2233 3682 α
