2661 3940
711 299 742 359 ξ
783 301 831 348 2.
888 293 984 347 DE
1023 293 1255 348 LIBRIS
1293 293 1829 347 MANVSCRIPTIS
2212 293 2287 347 IX

427 466 486 524 4.
549 462 788 523 Codex
839 461 1342 541 Sangallensis
1382 464 1511 522 860
1550 482 1593 521 s.
1623 463 1733 520 XV
1771 464 2120 522 chartaceus
2157 463 2288 523 foli·

242 573 417 612 orum
458 555 572 625 883
611 553 686 611 cf.
716 552 963 627 Haenel,
1002 551 1188 611 Catal.
1219 572 1276 627 p.
1311 554 1409 610 74.
1471 550 1750 610 Continet
1786 553 2097 630 Eugraphi
2134 571 2289 611 com-

241 647 517 702 mentum
546 641 846 720 integrum
874 643 986 700 hoc
1015 642 1247 700 ordine:
1276 641 1569 699 Andriam
1598 633 1681 721 (p.
1706 635 1972 722 3—41),
1991 641 2287 717 Hecyram

243 725 332 811 (p.
352 724 653 812 41—61),
680 732 1033 790 Eunuchum
1060 723 1144 811 (p.
1168 723 1463 811 61—96),
1492 729 1813 789 Heautont.
1846 723 1930 811 (p.
1950 724 2288 811 96—129)‚

241 821 671 880 Phormionem
719 813 802 901 (p.
848 814 1245 894 129-155),
1291 820 1596 895 Adelphos
1636 812 1719 900 (p.
1756 813 2152 900 155—177)
2217 820 2287 879 In

242 911 465 970 ultimo
504 911 650 970 folio
689 910 1048 986 subscriptio
1085 910 1311 987 legitur
1348 910 1519 968 haec:
1552 905 1657 968 ‘Et
1692 912 1775 970 sic
1813 913 1904 969 est
1939 909 2071 968 finis
2110 910 2285 969 huius

243 1001 446 1075 operis
484 1019 522 1072 p
558 1018 652 1058 me
688 999 957 1059 Iohanne
991 1003 1274 1058 merwart
1311 999 1366 1056 d'
1396 993 1528 1076 we?

361 1124 369 1129 —
435 1088 711 1148 Codicem
757 1092 894 1165 post
941 1088 1336 1166 Schopenum‚
1376 1091 1480 1164 qui
1527 1108 1663 1147 eum
1711 1107 1760 1146 a.
1800 1088 2147 1146 1855—56
2190 1108 2286 1146 ex-

244 1180 456 1253 cussit,
493 1179 620 1253 ipse
657 1180 873 1237 iterum
914 1198 966 1237 a.
1002 1180 1171 1237 1898
1213 1179 1444 1238 contuli
1480 1181 1695 1237 totum.

622 1320 699 1379 IL
755 1320 965 1379 Libri
1002 1320 1406 1379 deteriores
1445 1312 1805 1400 (recensio
1843 1311 1909 1397 a)

433 1446 489 1505 5.
541 1444 770 1527 Codex
806 1445 1208 1505 Vaticanus
1246 1444 1488 1504 Basilic.
1524 1446 1604 1502 19
1644 1443 1720 1504 H.
1750 1463 1793 1502 s.
1823 1445 1877 1501 X
1914 1443 2285 1502 membrana-

244 1554 403 1593 ceus.
461 1535 550 1593 De
586 1536 699 1595 hoc
735 1535 933 1594 codice
962 1534 1320 1594 Terentiano
1360 1533 1520 1608 apud
1551 1532 2085 1608 Umpfenbachium
2116 1527 2282 1613 (edit.

244 1625 381 1681 Ter.
430 1625 616 1700 praef.
667 1645 722 1700 p.
762 1617 1051 1703 XXVIII)
1105 1625 1249 1682 haec
1297 1622 1637 1682 invenimus
1687 1622 1905 1681 relata:
1959 1616 2284 1680 ‘Praefixus

245 1716 341 1772 est
378 1716 697 1788 quaternio
736 1716 1043 1773 continens
1081 1714 1146 1771 in
1191 1713 1347 1772 binis
1386 1713 1677 1771 columnis
1717 1712 2001 1787 scriptam
2038 1729 2075 1767 a
2101 1729 2284 1769 manu

245 1802 514 1861 eiusdem
563 1803 780 1862 aetatis
826 1804 1060 1878 partem
1102 1801 1438 1861 Commenti
1475 1800 1905 1879 Eugraphiani,
1951 1803 2285 1874 prorectam

241 1892 420 1950 illam
457 1911 644 1967 usque
682 1894 748 1951 in
784 1893 1042 1967 primam
1080 1891 1363 1968 paginam
1404 1891 1623 1950 codicis
1655 1890 1999 1948 Terentiani
2032 1907 2282 1947 vacuam

244 1982 323 2040 ab
363 1982 493 2040 eius
529 1982 777 2040 librario
802 1982 1100 2041 relictam:
1138 1984 1278 2040 sunt
1303 2000 1447 2040 uero
1476 1981 1888 2040 commentarii
1914 1981 1975 2037 in
2005 1980 2283 2057 prologos

240 2073 360 2129 1110.
391 2069 467 2129 ab
496 2071 680 2129 Andr.
715 2073 795 2130 26
827 2089 977 2145 quas
1003 2073 1181 2143 faciet
1206 2072 1276 2130 de
1302 2072 1522 2145 inteyro
1552 2072 1900 2129 comoediae.
1936 2072 2073 2144 post
2101 2067 2283 2127 Phor-

244 2160 465 2218 mionis
499 2161 817 2237 prologum
853 2161 1210 2236 subscriptio
1250 2162 1342 2219 est
1377 2178 1748 2219 EXPLIGIVNT
1777 2175 2284 2218 EXPLANATIONES

245 2265 620 2308 Pnonoeonv
666 2267 900 2309 1Nc11>1¹r
950 2269 1160 2310 cowrv
1204 2267 1512 2309 1100111101]
1547 2268 1612 2307 111
1642 2267 1902 2307 ANDmA:
1941 2247 2100 2322 quod
2127 2266 2282 2308 com—

243 2341 516 2396 mentum
570 2340 931 2415 exscriptum
988 2344 1079 2399 est
1132 2357 1324 2414 usque
1382 2338 1457 2396 ad
1503 2341 1671 2396 actus
1719 2337 1887 2397 tertii
1931 2337 2126 2412 finem,
2178 2337 2282 2394 ubi

244 2431 387 2502 post
423 2446 661 2487 uersum
691 2429 1109 2507 Vergilianum
1145 2429 1291 2486 haec
1328 2428 1534 2486 addita
1563 2430 1704 2487 sunt
1732 2421 1945 2505 [Andr.
1963 2425 2059 2484 III
2089 2428 2146 2500 5,
2171 2420 2284 2504 18]

246 2519 304 2573 ὤ*
350 2518 603 2576 dicimus
657 2518 905 2578 ulciscor
954 2520 1373 2577 aduersarium
1423 2520 1476 2575 ·i·
1528 2518 1803 2576 ultionem
1852 2518 2018 2589 capio
2070 2509 2281 2593 [immo

245 2600 498 2686 accipio]
538 2607 609 2665 de
644 2604 1014 2667 aduersario'
1054 2611 1113 2666 et
1151 2599 1235 2687 (p.
1265 2599 1460 2687 XXX)
1501 2601 1897 2664 ‘Scholiorum
1945 2622 2132 2682 genus
2174 2604 2280 2662 du·

244 2695 385 2770 plex
432 2698 536 2754 est.
612 2696 770 2755 Nam
817 2701 876 2756 et
920 2717 1026 2771 per
1063 2700 1260 2756 totum
1297 2696 1560 2754 codicem
1598 2695 1831 2771 glossae
1868 2694 2280 2753 interlineares

247 2785 309 2841 et
344 2783 552 2843 breves
591 2785 1023 2860 adnotationes,
1061 2805 1213 2860 quae
1250 2804 1547 2861 magnam·
1571 2788 1805 2859 partem
1847 2803 1980 2842 cum
2026 2782 2281 2841 triviali-

245 2873 360 2932 bus
400 2866 505 2952 [sc.
538 2875 743 2950 qualia
778 2875 1092 2934 ediderunt
1127 2875 1342 2948 BrunS,
1377 2874 1520 2948 Mai,
1560 2872 1784 2950 Schlee,
1822 2866 2103 2950 Warren]
2145 2890 2279 2930 con-

248 2963 534 3036 sentiunt,
562 2964 866 3040 dispersae
895 2967 1052 3039 sunt,
1080 2965 1141 3022 et
1169 2983 1240 3021 ex
1266 2962 1602 3041 Eugraphii
1634 2961 1979 3021 Commento
2008 2963 2285 3035 excerpta

246 3070 437 3128 usque
483 3052 559 3112 ad
605 3055 645 3113 f.
688 3045 803 3113 55¹²
842 3050 1088 3133 (Heaut.
1125 3053 1220 3111 11]
1261 3056 1294 3110 1
1348 3053 1446 3110 fin.
1496 3046 1745 3130 [rectius
1797 3051 1873 3109 ad
1914 3049 2007 3108 HI
2049 3053 2103 3122 l,
2139 3043 2280 3130 77])

249 3140 325 3200 ab
368 3142 546 3201 initio
592 3163 748 3218 rara,
793 3145 924 3202 tum
970 3142 1246 3201 densiora
1290 3142 1357 3199 in
1398 3140 1667 3217 margine
1708 3140 1967 3215 ascripta
2014 3141 2170 3213 sunt,
2206 3159 2281 3198 ne

250 3229 335 3288 eis
386 3231 647 3305 quidem,
699 3252 850 3308 quae
899 3235 964 3290 in
1016 3233 1410 3307 quaternione
1464 3230 1726 3306 praefixo
1782 3228 1962 3304 paulo
2017 3228 2281 3305 largiora

251 3322 494 3377 exarata
533 3324 687 3394 sunt,
724 3314 1025 3396 exceptis’.
1082 3319 1195 3379 His
1233 3319 1573 3378 addendum
1612 3320 1704 3377 est
1739 3317 2084 3391 posterioris
2124 3336 2279 3377 com-

248 3409 439 3466 menti
473 3408 716 3467 initium
749 3410 976 3468 factum
1014 3407 1091 3467 ab
1128 3408 1315 3467 Andr.
1344 3408 1494 3485 prol.
1529 3410 1607 3465 27
1642 3410 1704 3465 et
1729 3425 1850 3465 una
1877 3424 2008 3465 cum
2048 3407 2279 3466 schedis

249 3496 515 3572 antiquis
551 3498 823 3556 interisse
854 3498 1168 3576 Eugraphi
1206 3497 1623 3557 adnotationes
1661 3497 1737 3554 ad
1765 3496 1917 3553 Eun
1937 3495 1994 3550 V
2024 3496 2083 3566 4,
2105 3495 2275 3552 21—

247 3584 465 3644 Heaut.
495 3585 556 3643 H
598 3590 630 3645 1
671 3586 770 3644 fin.
826 3586 996 3655 Quod
1023 3585 1438 3662 Umpfenbach
1469 3577 1696 3663 (Herm.
1726 3582 1787 3641 II
1827 3584 1950 3641 337
1995 3574 2155 3660 adn.)
2185 3581 2275 3636 (11-

248 3676 333 3733 cit
369 3694 439 3734 ex
476 3678 866 3750 quaternione
903 3676 1164 3751 praefixo
1194 3674 1510 3748 desumpta
1538 3690 1663 3730 esse
1691 3689 1777 3744 ea,
1807 3686 1958 3744 quae
1987 3667 2051 3727 P.
2074 3668 2273 3724 Victo·

2360 462 2418 522 G
