2661 3940
446 199 531 263 70
1018 199 1394 253 EVGRAPHI
1432 198 1903 252 COMMENTVM

440 382 479 415 α
655 360 809 429 liquo
857 361 1033 414 ductu
1078 359 1215 430 agit,
1262 363 1327 412 ut
1365 360 1528 426 quasi
1568 358 1890 412 altercando
1928 375 2040 411 non
2078 359 2342 412 uideatur
2379 358 2482 412 de-

657 431 885 485 fendere
923 431 1073 499 quod
1113 430 1384 484 defendit.
1425 430 1497 485 ab
1537 447 1601 484 eo
1640 446 1863 498 quoque
1901 430 2039 495 loco,
2078 429 2177 483 ubi
2207 428 2292 482 ait
2319 432 2387 498 (υ.
2423 432 2479 496 7)

659 504 905 556 ‘annona
952 519 1082 556 cara
1128 503 1235 556 est’
1277 519 1457 572 usque
1495 504 1561 571 (v.
1595 506 1682 570 28)
1728 501 1969 554 ‘facinus
2019 501 2480 555 animaduerten-

657 574 811 627 dum'
853 574 936 627 ita
987 589 1297 628 sermonem
1352 573 1545 627 Dauus
1602 573 1911 641 suspendit,
1964 575 2030 625 ut
2085 589 2188 625 nec
2241 572 2481 626 ueritati

290 651 325 701 7
330 649 404 700 78
654 662 757 700 nec
786 645 1028 699 falsitati
1056 645 1327 700 obnoxius
1358 646 1448 698 sit.
1480 677 1547 684 ——
1586 644 1663 697 39
1700 662 1965 698 PALLACIA
1990 662 2118 696 Anni
2144 662 2309 696 Anum
2346 663 2480 695 ‘ruv-

654 736 746 770 nn·
792 717 852 769 id
900 718 986 771 est
1031 716 1278 785 expellit.
1344 715 1409 769 fit
1445 716 1537 769 hic
1575 718 1970 785 argumentum
2009 732 2043 768 a
2081 715 2268 768 simili.
2339 716 2481 768 dum

289 792 405 843 788
654 788 849 857 itaque
886 788 1062 856 Mysis
1111 788 1256 841 dixit
1292 785 1368 840 49
1409 807 1559 840 mnu,
1603 806 1705 841 1³01,
1742 806 1894 840 unm
1934 806 2051 840 n1x1
2092 806 2153 839 m
2191 805 2363 838 sess-,x
2401 786 2478 840 si-

654 858 856 912 mulati
875 861 1051 930 (91633.
1075 861 1151 913 ad
1178 861 1370 927 unm),
1407 858 1592 913 uoluit
1619 874 1745 912 eam
1765 858 1956 912 Dauus
1984 860 2293 927 percutere,
2321 858 2480 911 unde

290 934 403 986 789
653 929 755 984 illa
778 931 870 983 50
907 950 976 983 im
1013 950 1085 983 m:
1125 948 1350 983 ATTIGAS
1389 948 1667 984 scenas-ra.
1697 961 1764 970 -
1794 950 1846 982 st
1873 947 2006 983 uero
2037 930 2188 999 quod
2217 930 2481 998 sequitur

292 1006 403 1057 795
654 1002 893 1055 iurantis
932 1004 1030 1055 est.
1064 1035 1129 1042 —
1170 1002 1245 1055 56
1283 1020 1491 1056 NATVRA
1527 1020 1630 1055 Av‘r
1666 1022 1738 1055 nn
1776 1020 2061 1055 mnvsrnu
2101 1004 2349 1054 natura
2388 1004 2481 1055 est

656 1075 1037 1126 creaturarum
1075 1073 1369 1144 originalis
1408 1072 1680 1139 condicio,
1729 1073 1886 1126 cuius
1924 1072 2201 1126 imitatrix
2238 1077 2326 1127 est
2373 1073 2478 1125 in-

656 1144 950 1210 dustria,
999 1145 1057 1196 id
1106 1147 1193 1199 est
1229 1144 1528 1215 sagacitas.
1587 1144 1738 1212 quod
1778 1146 1909 1213 (quo
1948 1143 2046 1209 B'3
2083 1147 2209 1211 fort.
2241 1144 2300 1196 in
2339 1148 2479 1213 quo)
2574 1152 2581 1155 ’

656 1218 741 1270 est
760 1231 793 1268 a
814 1215 984 1268 simili
1014 1218 1406 1287 argumentum
1435 1217 1586 1285 (haec
1612 1218 1799 1270 onznia
1825 1216 1956 1270 iude
1983 1233 2020 1269 a
2048 1215 2199 1282 quod
2227 1232 2361 1268 uero
2394 1216 2483 1269 ait

652 1304 722 1342 ex
764 1290 877 1342 solo
917 1287 1006 1354 B‘,
1052 1304 1175 1342 cwm
1215 1288 1264 1339 V
1287 1289 1425 1341 desit
1470 1293 1521 1341 et
1556 1288 1619 1340 in
1656 1287 1700 1341 S
1726 1288 1895 1355 plane
1930 1287 2073 1341 nihil
2119 1288 2225 1357 leyi
2262 1289 2478 1355 possit).

1435 1582 1491 1639 5.

271 1707 403 1763 796
624 1697 658 1763 l
712 1724 776 1764 m
831 1723 953 1763 HAG
987 1722 1354 1777 <Hamus-sn
1401 1723 1643 1763 Puni-:A
1704 1723 1926 1763 mern!
1976 1724 2085 1762 EST
2140 1723 2481 1763 effarsmlsu

439 1794 584 1853 haec
641 1813 854 1855 scaena
908 1793 1415 1870 percontationem
1487 1797 1677 1869 tenet,
1741 1794 1847 1852 ubi
1916 1793 2157 1869 Chrysis
2221 1794 2476 1853 habitet.

438 1883 621 1942 habet
692 1890 895 1943 tamen
968 1884 1398 1942 deliberatiuae
1470 1885 1749 1943 formam:
1825 1902 1963 1941 nam
2030 1881 2194 1942 Crito
2269 1902 2475 1943 conso·

439 1973 644 2032 brinus
692 1978 781 2033 est
838 1973 1160 2050 Chrysidis,
1217 1961 1335 2048 qu'a
1391 1978 1627 2033 mortua
1684 1974 1760 2033 ad
1812 1994 1944 2031 eum
1991 1974 2121 2050 lege
2174 1973 2476 2033 hereditas

438 2064 793 2138 pertinebat.
886 2063 1177 2121 deliberat
1240 2082 1401 2139 ergo,
1476 2084 1551 2121 au
1619 2058 1877 2138 ad<eat>
1933 2064 2178 2121 eandem
2243 2063 2477 2121 heredi·
2540 2084 2566 2122 5

442 2154 648 2226 tatem,
701 2154 951 2211 maxime
996 2170 1127 2210 eum
1171 2154 1318 2210 sciat
1366 2152 1714 2227 Glycerium,
1770 2154 1988 2210 sororis
2044 2152 2161 2210 loco
2215 2154 2479 2210 habitam

442 2258 561 2300 6336
605 2237 728 2318 <α>
780 2241 1059 2315 Chryside
1114 2259 1351 2313 eamque
1409 2259 1528 2301 6336
1572 2246 1695 2301 iam
1741 2240 2246 2300 adulescentulam.
2337 2243 2479 2300 haee

440 2332 619 2403 igitur
655 2331 1036 2390 deliberatiua
1074 2334 1156 2388 est
1189 2332 1255 2389 iu
1291 2348 1371 2396 eo,
1410 2331 1565 2404 quod
1600 2331 1768 2388 audit
1793 2333 2085 2388 mortuam
2117 2330 2474 2405 Chrysidem,

430 2421 696 2492 puellam
739 2437 879 2478 uero
926 2424 978 2478 et
1021 2438 1179 2478 nwne
1222 2422 1484 2478 nondum
1510 2424 1787 2492 parentes
1824 2437 1960 2477 suos
1995 2420 2086 2477 Ieie
2121 2422 2471 2492 commui-sse,

333 2509 338 2514 ’
442 2526 619 2582 quam
664 2512 887 2568 constat
921 2526 1039 2568 esse
1075 2508 1333 2567 Atticam
1379 2511 1576 2567 ciuem.
1624 2510 1891 2567 contiuuo
1929 2512 2151 2567 tractat
2188 2509 2473 2568 articulos
2510 2530 2566 2568 ιο

271 2596 403 2654 807
441 2598 678 2656 honesti
722 2603 783 2656 et
828 2598 1017 2672 utilis,
1064 2616 1198 2656 cum
1245 2598 1355 2655 hoc
1401 2598 1548 2657 dicit
1605 2591 1692 2656 12
1742 2617 1912 2656 nAvn
1961 2615 2301 2656 AVSPICATO
2349 2616 2475 2656 ch

442 2706 527 2745 ME
575 2707 800 2746 A'r'rvm
844 2686 958 2746 hoc
995 2690 1109 2746 est:
1156 2707 1273 2746 non
1312 2691 1471 2745 reete
1510 2706 1699 2763 neque
1737 2687 1891 2745 bono
1930 2688 2128 2746 omine
2163 2687 2280 2744 huc
2316 2688 2474 2761 ueni,

444 2775 735 2852 siquidem
784 2794 869 2850 ea,
918 2796 1069 2852 quae
1117 2796 1284 2835 soror
1330 2776 1493 2835 dicta
1539 2782 1629 2836 est
1680 2775 1998 2849 Clerysidi8‚
2055 2779 2115 2834 et
2168 2795 2324 2834 nunc
2367 2796 2473 2852 pa-

441 2867 638 2925 rentes
685 2884 825 2924 suos
872 2883 988 2924 non
1036 2867 1314 2942 repperit,
1361 2865 1517 2924 unde
1554 2884 1672 2924 non
1709 2884 1950 2940 possum
1989 2866 2232 2924 honeste
2271 2869 2472 2940 petere

431 2955 848 3014 hereditatem.
922 2956 1012 3013 hie
1056 2957 1245 3027 mayz’s
1280 2955 1501 3013 honesti
1535 2955 1810 3028 partibus
1856 2955 1994 3012 dicit
2028 2972 2144 3012 non
2183 2972 2301 3013 esse
2337 2973 2475 3014 eau-
2506 2974 2563 3014 ιε

438 3046 713 3118 eandum,
760 3062 897 3102 nam
946 3044 1020 3101 ab
1066 3044 1205 3102 utili
1252 3043 1399 3103 satis
1443 3063 1552 3119 pro
1598 3046 1728 3119 ipso
1787 3047 1889 3102 est.
1983 3062 2338 3116 quamquam
2393 3064 2475 3103 an

586 3237 616 3283 2
655 3233 835 3302 tenet]
865 3231 1038 3285 habet
1066 3252 1102 3283 α
1129 3233 1147 3299 ΙΙ
1177 3238 1208 3283 4
1229 3235 1324 3284 est
1347 3238 1474 3299 post
1500 3229 1785 3299 Chrysidis
1817 3252 1870 3298 α,
1900 3248 2000 3286 om.
2027 3232 2079 3285 G
2111 3234 2118 3299 Ι
2151 3232 2286 3300 quia
2315 3233 2434 3286 LG
2472 3235 2475 3300 ξ

442 3308 476 3355 5
516 3302 685 3356 adeat
723 3305 805 3356 W.
841 3305 849 3370 Ι
882 3303 1252 3356 hereditatem
1283 3302 1583 3374 (aspiret)
1614 3324 1650 3356 α
1686 3305 1705 3371 ΙΙ
1753 3308 1782 3355 7
1822 3320 1856 3355 a
1885 3301 2155 3370 Chryside
2185 3304 2294 3357 W.:
2325 3303 2475 3356 chri-

443 3372 624 3424 sidem
662 3375 812 3427 codd.
844 3377 861 3440 ΙΙ
901 3379 966 3427 10
997 3376 1207 3427 tractat
1237 3406 1301 3413 —-
1335 3374 1497 3444 dicit]
1536 3377 1593 3427 et
1620 3376 1829 3428 tractat
1866 3373 1938 3427 ab
1976 3373 2211 3428 honesto
2250 3377 2307 3428 et
2343 3375 2476 3428 utili

446 3442 684 3495 dicendo
724 3465 760 3495 α
788 3448 805 3512 ΙΙ
837 3451 898 3497 11
939 3461 1067 3498 cum
1104 3464 1203 3500 om.
1232 3446 1358 3500 LF
1384 3448 1391 3513 Ι
1425 3449 1524 3498 aut
1561 3446 1700 3498 haut
1736 3446 2013 3514 respicato
2044 3447 2096 3499 L
2124 3449 2141 3514 ΙΙ
2172 3451 2236 3498 12
2276 3446 2478 3515 appuli

450 3512 561 3564 Fa
588 3514 752 3580 (Ter.)
782 3518 799 3581 ΙΙ
833 3521 894 3567 13
925 3519 982 3569 et
1019 3535 1165 3571 nunc
1196 3549 1260 3557 —-
1294 3519 1428 3588 non]
1468 3517 1714 3570 nondum
1754 3539 1791 3571 α
1816 3520 1835 3586 ΙΙ
1866 3524 1932 3571 14
1970 3517 2203 3571 honeste
2240 3535 2340 3572 om.
2372 3518 2425 3571 L
2459 3521 2476 3589 ΙΙ

447 3587 515 3633 16
555 3587 918 3656 quamquam]
958 3605 1127 3655 quam
1168 3590 1235 3653 G,
1275 3589 1410 3657 quia
1451 3589 1502 3641 V
