2661 3940
716 219 1024 276 HEOYRA-
1052 220 1258 277 raet..
1285 222 1340 276 Π
1370 223 1542 276 ›25--1
1583 229 1629 290 1,
1662 228 1727 276 14
2153 222 2287 286 263

1245 383 1309 453 I.

1252 502 1306 556 1.

126 604 217 662 58
415 596 478 671 ’1
550 623 671 670 PER
734 623 853 665 Pon
925 622 1096 677 QVAM
1159 622 1397 670 rAvcos
1463 622 1761 670 REPEMAS
1836 620 2286 671 uassarmcmvs

254 709 518 751 rmnmss
566 712 831 754 mmmm:
877 712 1206 753 AMA'ronns
1256 712 1414 754 SYRA
1458 696 1604 753 haec
1650 712 1880 767 scaena,
1927 712 2079 769 quae
2123 692 2289 769 prior

255 784 365 855 est,
411 783 476 840 in
522 784 718 859 prima
764 785 934 859 parte
982 783 1248 842 continet
1292 785 1638 858 tractatum,
1687 803 1763 842 an
1809 782 1962 841 iuste
2008 784 2287 841 meretrix

254 872 460 946 faciat,
508 891 641 931 cum
689 873 950 947 aliquem
995 871 1228 950 diligat,
1269 874 1339 937 in
1384 876 1686 948 postrema
1740 873 2162 945 narrationem,
2209 871 2285 930 si-

257 963 361 1027 eut
413 962 477 1027 in
533 963 697 1028 omni
760 960 1064 1029 comoedia
1122 961 1328 1041 hebet,
1395 963 1678 1043 quoniam
1742 962 2160 1046 argumentum
2222 962 2288 1018 in
2343 982 2372 1022 r>

250 1049 524 1135 prologis
557 1045 874 1117 Terentius
921 1050 1152 1109 nullum
1197 1053 1388 1116 tenet:
1436 1069 1637 1117 omnes
1685 1051 1843 1116 enim
1890 1052 2015 1116 eius
2059 1065 2284 1111 comoe-

256 1139 391 1205 diae
437 1141 499 1204 in
546 1138 755 1219 primis
805 1141 1033 1207 scaenis
1080 1141 1418 1221 argumenti
1456 1140 1778 1223 plurimam
1813 1139 2114 1215 explicant
2149 1157 2284 1218 par·

253 1232 396 1287 tem.
454 1228 600 1293 haec
655 1229 843 1313 igitur
896 1229 1194 1303 meretrix,
1242 1247 1396 1304 quae
1442 1229 1540 1295 hic
1596 1233 1702 1303 est,
1756 1229 1932 1313 longe
1986 1247 2026 1294 a
2080 1227 2286 1292 fabula

256 1320 347 1381 est
412 1319 758 1399 constituta,
812 1337 952 1384 nam
1017 1318 1199 1377 aliam
1264 1320 1634 1383 meretricem
1693 1320 1859 1382 amat
1908 1316 2284 1394 Pamphilusg
2376 1322 2379 1323 ’

253 1425 466 1472 uerum
519 1406 639 1471 ista
693 1425 849 1464 nunc
902 1407 1322 1488 interponitur,
1379 1410 1450 1466 ut
1515 1407 1569 1464 ei
1632 1426 1876 1489 peregre
1941 1405 2286 1469 aduenienti
2314 1429 2366 1468 ιο

256 1498 364 1580 atq
372 1513 441 1561 ue
494 1495 759 1570 miranti,
813 1495 975 1577 quod
1025 1497 1398 1562 meretricem
1444 1491 1739 1571 †duceret,
1802 1499 2078 1562 narretur
2139 1495 2285 1577 quid

256 1602 473 1654 causae
534 1585 733 1647 fuerit.
809 1603 964 1661 quae
1017 1603 1110 1652 res
1167 1584 1308 1642 dum
1368 1586 1699 1660 exponitur,
1755 1586 2092 1665 argumenti
2145 1603 2284 1662 pars

124 1675 218 1731 60
257 1673 467 1749 aliqua
507 1673 859 1741 declaratur.
901 1706 984 1713 -—
1027 1664 1068 1730 3
1117 1692 1234 1732 vm,
1281 1692 1388 1732 1110
1435 1692 1782 1738 PAMPvas
1831 1666 1899 1732 et
1943 1674 2059 1740 hie
2103 1673 2282 1756 signi-

256 1762 414 1835 ficat,
460 1765 530 1821 ut
571 1756 773 1844 (Verq.
806 1762 934 1827 Ecl.
978 1756 1153 1828 VIII
1186 1754 1296 1846 69)
1349 1758 1635 1826 ‘carmina
1680 1763 1779 1829 uel
1825 1764 1988 1821 caelo
2034 1766 2284 1838 possunt

122 1853 214 1910 63
255 1851 545 1919 deducere
600 1847 848 1919 lunam'.
889 1884 973 1899 ——
1026 1844 1070 1917 6
1126 1870 1291 1911 meo
1348 1870 1712 1918 PROPTEREA
1775 1870 1853 1915 ‘re
1910 1869 2147 1911 snnvno
2203 1870 2282 1913 Er
2312 1873 2361 1913 15

254 1959 467 2003 Moneo
506 1960 585 2008 ET
623 1960 875 2007 nomon
909 1960 990 2000 NE
1030 1958 1381 2014 ovlstVAM
1418 1960 1496 2008 ΤΕ
1534 1958 1840 2004 mmmmm*
1881 1959 2059 2020 quam
2098 1959 2281 2000 mere-

253 2033 375 2098 trix
419 2034 755 2106 temperata
802 2032 909 2106 est,
954 2032 1090 2096 lena
1135 2051 1278 2098 uero
1326 2032 1615 2107 asperior!
1669 2033 1793 2096 eius
1832 2032 2051 2094 etenim
2085 2033 2281 2090 truces

252 2140 448 2190 mores
486 2139 613 2190 esse
649 2121 973 2206 plurimum
1010 2120 1241 2194 debent,
1280 2123 1347 2180 at
1380 2120 1679 2185 meretrici
1713 2119 2068 2182 blanditiae:
2107 2119 2283 2182 aliter

255 2210 413 2276 enim
460 2209 635 2286 diligi
680 2228 798 2276 non
845 2212 1060 2294 potest,
1105 2209 1224 2276 nisi
1270 2228 1403 2272 cum
1450 2210 1643 2267 forma
1688 2208 2096 2274 blandimenta
2144 2227 2280 2267 con-

125 2298 215 2356 65
252 2300 517 2366 ueniant,
553 2330 637 2339 —
678 2291 720 2358 8
769 2315 1032 2360 Mv'r1nes
1080 2300 1190 2362 hoc
1229 2300 1319 2357 est
1354 2297 1578 2358 debiles
1614 2299 1854 2361 reddas:
1901 2297 2054 2356 unde
2093 2297 2280 2373 aiunt,
2310 2319 2362 2358 20

256 2389 416 2462 quod
465 2388 709 2454 claudus
756 2388 838 2446 sit
873 2380 1195 2460 VulcanuS,
1240 2387 1379 2448 inde
1417 2387 1641 2452 dictum
1679 2405 1824 2462 esse,
1862 2389 1955 2445 uti
1993 2387 2279 2468 Virgilius

255 2469 432 2557 (Aen.
475 2477 650 2542 VIII
678 2468 839 2555 724)
891 2478 1110 2553 posuit,
1167 2470 1517 2538 ‘Mulciber'.
1580 2495 1942 2558 quamquam
2000 2475 2127 2535 illic
2190 2478 2278 2540 in-

253 2566 449 2643 telligi
484 2568 698 2641 potest,
736 2566 896 2642 quod
934 2567 1135 2632 emnia
1171 2566 1430 2630 mulceat
1467 2569 1526 2624 et
1562 2565 1768 2630 mollia
1795 2566 1933 2649 igne
1959 2567 2162 2625 faciat.
2192 2596 2280 2612 -π

124 2658 214 2714 66
254 2648 299 2713 9
346 2645 608 2715 mmmm
654 2673 933 2713 ΝΕΜΙΝΕΜ
978 2672 1232 2720 ΗΑΒΕΑΜ
1278 2658 1588 2737 exceptum
1634 2658 1693 2713 et
1740 2654 1814 2719 ab
1862 2654 1998 2714 aliis
2043 2672 2277 2730 separa-

123 2747 209 2804 71
252 2747 397 2810 tum.
436 2776 525 2784 —
564 2735 650 2810 14
694 2762 977 2808 mwmvu
1022 2762 1136 2802 Es'r
1181 2760 1329 2808 Essa
1379 2761 1643 2808 omzmvs
1691 2744 1950 2808 similem
1995 2746 2055 2801 et
2098 2745 2279 2804 istam
2308 2764 2361 2804 25

253 2850 395 2909 esse,
444 2851 717 2909 asperam
764 2833 992 2891 scilicet
1030 2836 1090 2890 et
1127 2851 1369 2891 saeuam
1405 2834 1795 2907 meretricem,
1840 2834 2126 2891 iniurium
2172 2835 2276 2891 est.

433 2972 462 3020 1
501 2985 602 3019 mn
638 2983 737 3022 om.
773 2966 874 3022 Ga
926 2968 945 3035 11
1000 2972 1031 3019 2
1072 2983 1215 3034 quee
1250 2966 1406 3035 prior
1442 2968 1529 3019 eet
1565 2967 1677 3021 W.=
1717 2982 1863 3051 quae
1900 2969 2022 3035 (om.
2057 2965 2128 3035 G)
2165 2964 2279 3034 pri-

250 3052 404 3099 orem
439 3038 592 3092 codd.
648 3039 667 3108 fl
719 3043 753 3091 6
791 3038 970 3108 tenet]
1007 3036 1181 3096 habet
1222 3038 1275 3093 G‘
1319 3041 1326 3106 1
1372 3037 1525 3090 enim
1561 3038 1633 3103 F,
1671 3041 1844 3106 igitur
1882 3038 1944 3105 V,
1981 3054 2080 3092 om.
2117 3037 2240 3091 GP
2262 3038 2280 3106 11

254 3114 320 3162 10
356 3108 610 3163 uenienti
650 3111 701 3164 G
727 3112 747 3178 11
779 3114 842 3162 11
883 3110 1135 3179 dueeret]
1174 3108 1483 3163 deseruerit
1521 3109 1779 3184 Sohopen,
1815 3108 2029 3162 ulceret
2054 3108 2277 3175 Schoell,

249 3180 539 3235 meretrice
578 3179 823 3252 <relicta
857 3179 1128 3258 uxorem>
1167 3180 1390 3238 duxerit
1434 3179 1531 3238 ille
1569 3182 1752 3235 Zewne
1803 3183 1821 3250 11
1879 3185 1942 3232 12
1983 3194 2278 3250 argumen-

248 3254 371 3314 tum
411 3252 513 3306 F'oc
539 3254 559 3321 11
590 3257 658 3305 13
685 3251 938 3310 declarat
964 3252 1066 3306 Fa
1099 3254 1106 3319 1
1140 3254 1198 3305 et
1232 3251 1349 3323 hic]
1379 3272 1411 3304 n
1442 3251 1535 3304 bic
1563 3257 1709 3321 (secr.
1740 3252 1905 3319 ciam)
1932 3254 1999 3318 P,
2030 3250 2202 3304 etiam
2231 3251 2283 3303 V

251 3326 348 3392 (eie
385 3324 555 3389 Dom,
592 3330 653 3377 at
687 3325 756 3390 cf.
789 3324 964 3394 Euyr.
997 3324 1149 3382 Ewn.
1180 3324 1362 3389 1111,
1386 3326 1439 3391 7)
1503 3326 1521 3393 11
1588 3328 1655 3382 14
1699 3324 1787 3394 ut]
1825 3322 1918 3376 uel
1957 3344 2010 3390 α,
2056 3339 2157 3376 om.
2188 3323 2223 3392 β
2260 3324 2277 3392 11

250 3401 314 3448 lo
353 3414 420 3448 m·
457 3411 559 3455 em,
590 3396 624 3463 β
649 3397 669 3466 11
700 3399 768 3448 16
794 3410 963 3464 quam
995 3395 1103 3449 W.:
1144 3396 1313 3462 atque
1342 3395 1521 3459 eodd.;
1560 3395 1686 3459 fort.
1715 3394 1848 3448 uide
1877 3411 2044 3461 quam
2070 3394 2091 3462 11
2120 3399 2185 3446 18
2216 3397 2276 3447 et

247 3465 484 3544 <enim>
523 3467 636 3522 FP
694 3468 712 3534 11
775 3466 1084 3525 meretricie
1121 3466 1195 3532 F,
1232 3481 1320 3538 -ce
1359 3468 1429 3534 P,
1467 3482 1613 3520 -cem
1652 3467 1706 3520 V
1756 3472 1773 3532 11
1839 3472 1903 3519 21
1945 3467 2029 3522 eet
2064 3467 2130 3518 ut
2171 3465 2222 3518 G
2258 3468 2275 3535 11

245 3543 313 3590 22
351 3538 719 3608 quemquam]
759 3538 909 3605 quod
950 3538 1000 3592 G
1033 3541 1039 3606 1
1072 3535 1193 3591 illic
1229 3545 1281 3592 et
1314 3541 1641 3606 potentem.
1676 3537 1727 3591 G<-
1780 3539 1799 3605 11
1854 3541 1920 3589 26
1964 3535 2180 3590 scilicet
2219 3540 2276 3592 et

256 3610 366 3664 W.:
406 3609 575 3663 ecitet
602 3609 764 3678 (sciet
801 3609 875 3677 V)
904 3610 1057 3664 codd.
