2661 3940
387 205 520 269 240
965 203 1336 259 EVFRAPHI
1375 202 1848 258 COMMENTVM

386 392 551 434 senes
615 376 877 433 fecerant
931 375 1191 451 pactum,
1252 375 1324 431 ut
1386 372 1572 431 filiam
1637 369 1963 430 Chremetis
2014 386 2252 428 uxorem
2309 367 2418 426 du·

387 466 546 523 ceret
606 463 765 523 filius
830 463 1221 539 Demiphonis
1280 494 1369 502 —
1430 462 1608 521 aliter
1671 460 1829 520 enim
1891 478 1987 518 res
2050 459 2233 519 celari
2296 476 2420 517 non

385 555 599 630 potest,
635 550 753 612 nisi
789 571 894 628 per
928 549 1272 612 huiusmodi
1306 550 1547 628 nuptias
1593 551 1795 627 puella
1830 547 2179 627 iungeretur
2217 579 2320 621 ——‚
2360 550 2422 606 et

389 642 672 719 quoniam
715 660 872 700 nunc
917 661 1024 717 per
1078 658 1337 699 errorem
1382 639 1571 699 credit
1613 639 1806 697 filium
1850 657 2021 698 suum
2083 636 2264 696 aliam
2311 635 2419 694 du-

385 731 556 806 xisse,
601 730 823 790 idcirco
883 731 1051 806 cupit
1096 731 1443 788 excusatum
1488 746 1615 788 esse
1660 731 1722 788 et
1766 727 1964 804 potius
2012 727 2186 802 quasi
2230 744 2418 802 quan-
2480 746 2507 786 ⁵

387 821 525 880 dam
588 838 713 880 esse
777 837 1046 894 causam,
1110 818 1271 896 quod
1324 836 1566 878 uxorem
1623 816 1858 876 duxerit
1909 815 2085 875 filius.
2163 814 2421 889 denique

223 912 303 969 57
311 914 351 968 8
388 909 662 988 adiungit
709 900 793 967 12
842 925 1010 974 Qvon
1059 924 1295 974 vassu
1350 900 1436 965 M'n
1460 981 1464 985 .
1491 923 1744 965 morvu
1791 922 2057 965 oonsmn
2100 921 2422 963 monarvu

386 1016 571 1058 FAcrr
606 1015 862 1062 NAMQVE
897 1013 1063 1056 HANG
1104 1013 1531 1056 CONDIOIONEM
1568 1013 1633 1053 sl
1665 1014 1768 1054 σνι
1801 1014 1908 1053 om·
1917 1012 2096 1052 nmo
2123 1011 2422 1051 Exmfflto

385 1086 681 1147 rationem
733 1086 946 1162 reddit,
1002 1105 1108 1146 cur
1161 1105 1232 1144 ex
1288 1105 1376 1159 eo,
1423 1084 1580 1161 quod
1633 1083 1792 1145 filius
1843 1084 1972 1142 eius
2017 1101 2260 1141 uxorem
2306 1080 2417 1139 du-

385 1178 554 1253 xerit,
610 1195 730 1235 non
784 1195 917 1234 eam
972 1194 1153 1250 quam
1205 1176 1300 1234 hic
1353 1174 1563 1247 uoluit,
1617 1173 1732 1244 sibi
1791 1172 2107 1232 consilium
2168 1170 2419 1229 uaciUet
2448 1193 2505 1232 ιο

387 1271 440 1325 et
480 1269 765 1325 incertum
809 1266 910 1324 sit:
966 1260 1143 1322 ‘hanc
1188 1265 1345 1323 enim
1393 1263 1792 1323 condicionem
1841 1263 1896 1320 si
1940 1263 2219 1320 extraneo
2276 1263 2417 1318 ante

389 1355 672 1428 detulere,
725 1353 916 1414 habeo
961 1354 1376 1413 necessitatem
1423 1351 1753 1428 exponendi
1797 1351 1957 1409 unde
1999 1349 2151 1408 mihi
2195 1350 2308 1424 sit3
2352 1351 2417 1407 te

387 1448 580 1503 autem
632 1442 866 1502 fidelem
913 1461 1039 1503 esse
1085 1442 1236 1499 mihi
1279 1444 1383 1510 ita,
1429 1441 1916 1515 quemadmodum
1954 1457 2053 1514 eqo
2087 1439 2230 1498 mihi
2263 1455 2417 1506 swm,

385 1550 781 1608 coqnoueram.
858 1534 921 1590 at
973 1531 1077 1590 ille
1132 1549 1275 1591 uero
1337 1531 1582 1604 alienus,
1637 1529 1714 1588 ad
1776 1549 1954 1606 quem
2008 1526 2419 1588 condicionem

385 1624 565 1682 istam
619 1621 838 1695 defero,
885 1622 938 1680 si
991 1620 1252 1680 uoluerit
1308 1619 1684 1692 affinitatem,
1727 1620 1926 1678 tacere
1981 1617 2223 1693 poterit,
2270 1634 2417 1691 quo·
2450 1639 2501 1678 ιε»

385 1729 572 1788 usque
625 1710 1009 1769 familiaritas
1064 1709 1391 1785 copuletur.
1465 1710 1559 1768 sin
1605 1710 1807 1766 autem
1851 1726 1944 1766 me
1990 1707 2419 1781 contempserit

388 1802 566 1877 atque
623 1799 931 1875 spreuerit‚
988 1799 1123 1874 plus
1179 1800 1327 1857 sciet
1384 1816 1564 1874 quam
1620 1800 1766 1873 cpus
1827 1800 1935 1870 est,
1994 1794 2291 1871 siquidem
2349 1794 2417 1852 in

387 1891 685 1966 potestate
739 1887 986 1947 habebit
1036 1906 1279 1946 narrare
1336 1886 1497 1962 quod
1552 1885 1854 1962 comperit.
1930 1903 2081 1960 quae
2125 1901 2219 1943 res
2264 1883 2417 1942 mihi

386 1998 665 2058 magnam
710 1977 1173 2038 sollicitudinem
1220 1980 1482 2055 generat,
1527 1996 1601 2033 ne
1648 1976 1849 2052 aliquo
1895 1976 2071 2051 pacto
2108 1975 2221 2033 hoc
2266 1992 2418 2032 uxor

386 2088 520 2128 mea
574 2070 923 2145 cognoscat:
978 2072 1061 2125 est
1112 2068 1264 2126 enim
1318 2067 1462 2125 mihi
1515 2082 1634 2124 non
1680 2065 1826 2125 leuis
1869 2068 2071 2133 mem,
2116 2083 2255 2123 nam
2302 2062 2416 2122 hoc
2445 2086 2500 2125 so

387 2157 438 2217 si
498 2158 803 2234 comperit,
869 2159 1154 2232 superest,
1207 2157 1278 2214 ut
1332 2172 1425 2213 me
1485 2153 1761 2214 excludat
1814 2158 1865 2213 ct
1917 2155 2084 2213 domo
2130 2153 2413 2227 egrediar.

388 2265 496 2325 ego
544 2246 763 2305 etenim
809 2246 881 2303 de
937 2246 1083 2304 meis
1140 2244 1300 2304 solus
1348 2262 1514 2303 meus
1560 2238 1715 2303 sum'
1763 2243 1876 2302 hoc
1921 2246 2037 2302 est:
2091 2242 2199 2301 illa
2246 2241 2415 2299 diues

223 2335 348 2394 589
388 2339 493 2409 est,
550 2355 659 2413 ego
715 2354 957 2411 pauper.
1007 2366 1090 2375 ——
1141 2326 1231 2392 23
1290 2351 1489 2399 NEQVE
1540 2350 1900 2391 offensem
1956 2348 2139 2405 neque
2199 2331 2414 2390 laxabo

385 2442 568 2498 neque
610 2425 920 2499 fatiyabor.
958 2455 1049 2464 —
1095 2442 1247 2481 Almo
1293 2440 1655 2480 EXPERIRIER
1698 2438 1921 2493 semper
1967 2425 2258 2494 temptare.

1378 2656 1432 2712 2.

225 2765 347 2822 591
568 2755 603 2820 l
671 2780 794 2821 Eoo
854 2779 1141 2821 nonnum
1208 2778 1629 2820 CALLIDIOREM
1688 2778 1822 2820 vnn
1891 2776 2172 2818 NEMINEM
2242 2774 2415 2823 QVAM
2445 2781 2496 2821 25

388 2869 796 2912 Pnonmomm
857 2851 1004 2910 haec
1067 2869 1281 2910 scaena
1345 2850 1773 2926 expositionem
1836 2850 2001 2907 tenet
2064 2846 2211 2923 quid
2279 2863 2414 2905 cum

388 2941 744 3000 Phormione
774 2941 974 2999 actum
1001 2938 1097 3014 sit,
1125 2939 1221 2999 uti
1250 2942 1566 3017 argentum
1597 2940 1998 3014 quaereretur,
2027 2935 2188 3012 quod
2212 2934 2417 2995 lenion

569 3100 595 3147 1
637 3092 866 3146 duceres
909 3092 960 3147 G
995 3093 1014 3160 11
1051 3097 1082 3145 3
1120 3091 1446 3160 iungeretur
1483 3091 1592 3145 W.=
1640 3089 1794 3144 uinc-
1822 3089 1976 3145 codd.
2004 3090 2023 3157 11
2068 3092 2101 3140 4
2147 3086 2416 3156 quoniam

382 3172 507 3234 post
535 3180 776 3219 errorem
803 3163 957 3219 codd.
992 3165 998 3233 1
1031 3180 1179 3217 nunc
1217 3163 1328 3216 W.=
1367 3162 1516 3215 hunc
1544 3164 1694 3232 (post
1718 3177 1819 3230 per
1845 3163 1903 3231 α)
1933 3161 2086 3215 codd.
2116 3162 2135 3229 11
2163 3163 2195 3212 ὂ
2224 3157 2414 3227 potius

389 3240 446 3290 et
487 3239 538 3292 G
589 3238 596 3305 1
647 3235 810 3303 quasi
847 3252 944 3289 om.
987 3235 1040 3289 L
1090 3238 1097 3302 1
1157 3250 1386 3288 causam
1430 3233 1712 3301 quandam
1749 3249 1869 3287 esse
1906 3253 1943 3285 α
1987 3233 2006 3301 11
2061 3236 2090 3283 7
2138 3230 2412 3284 incertum

390 3308 611 3362 consilii
639 3328 677 3361 α
704 3309 723 3375 11
753 3312 816 3360 11
847 3304 1009 3378 (ab)
1037 3308 1300 3359 extraneo
1321 3304 1391 3370 L,
1420 3303 1537 3377 <ab
1557 3304 1798 3357 extrario
1827 3302 1888 3356 id
1907 3302 2036 3375 est>
2056 3302 2320 3356 extraneo
2340 3321 2380 3355 α
2403 3301 2409 3372 1

391 3380 558 3432 antea
598 3379 649 3432 G
677 3380 695 3446 11
725 3382 789 3430 13
829 3392 1196 3445 cognoueram
1225 3378 1433 3430 Zevme:
1478 3393 1564 3430 ·ro
1600 3376 1753 3430 codd.
1780 3377 1801 3444 11
1832 3381 1895 3429 16
1924 3389 2215 3443 quousque
2243 3373 2416 3427 inter-

392 3447 552 3500 cedet
595 3446 953 3501 familiaritas
991 3468 1029 3501 α
1069 3450 1088 3516 11
1145 3452 1209 3501 18
1258 3447 1532 3516 comperit
1569 3447 1677 3500 W.:
1720 3445 1967 3515 coeperit
2002 3445 2155 3500 codd.
2169 3465 2191 3512 ;
2237 3446 2318 3499 sic
2366 3449 2416 3498 et

391 3516 547 3578 infra
583 3522 648 3569 21
677 3520 697 3585 11
726 3523 791 3570 19
829 3517 974 3571 hanc
1006 3534 1234 3572 uxorem
1260 3534 1446 3572 meam
1475 3520 1509 3589 β
1535 3520 1553 3586 11
1583 3523 1649 3571 20
1678 3534 1791 3570 non
1818 3534 1919 3572 om.
1950 3517 2003 3571 L
2038 3518 2056 3586 11
2095 3521 2161 3569 23
2190 3514 2413 3570 lambo

397 3582 447 3633 G
473 3584 491 3650 11
519 3590 587 3635 24
622 3585 832 3653 fatigor
866 3588 1038 3654 codd„
1076 3605 1210 3644 corr.
1244 3589 1325 3641 W.
1356 3591 1374 3658 11
1403 3594 1470 3642 27
1508 3589 1599 3656 sit,
1637 3587 1987 3661 <scilicet>.9
