2661 3940
856 213 1248 268 ADELPHOE
1287 214 1365 268 IV
1395 220 1444 280 2,
1466 220 1656 280 31—-5‚
1690 221 1716 267 1
2151 213 2285 276 319

247 383 674 441 contumeliam
728 399 899 441 suam
944 385 1136 461 magis
1182 382 1309 442 fieri
1354 385 1586 458 putant.
1642 382 1925 457 quoniam
1971 381 2284 441 minimum

247 474 515 546 possunt,
555 490 786 547 semper
824 490 886 530 se
932 472 1179 531 credunt
1225 471 1536 531 contemni.
1585 490 1726 548 ergo
1769 472 2128 547 placabilius
2175 474 2289 546 est,

248 562 302 619 si
348 562 478 636 ipse
526 579 727 620 coram
772 562 1111 636 pollicearis
1158 565 1218 620 et
1262 565 1323 620 te
1369 556 1630 638 purges'.

1241 833 1298 888 4.

71 959 210 1015 610
429 945 465 1011 l
508 949 926 1030 <D1sch010R
962 949 1181 1032 Amin>
1208 953 1558 1012 deliberatio
1598 956 1705 1027 est,
1734 953 1880 1028 quid
1916 954 2102 1012 faciat
2139 952 2280 1011 adu-

247 1044 501 1102 lescens:
566 1046 844 1102 conuenit
897 1046 1052 1102 enim
1113 1043 1378 1119 puellam
1435 1043 1559 1102 eius
1626 1061 1807 1118 quam
1870 1041 2132 1101 uitiauit.
2207 1041 2282 1101 ab
2339 1067 2369 1106 ε,

249 1150 320 1191 ea
376 1135 682 1208 comperit,
739 1133 896 1208 quod
952 1134 1297 1210 cognouerit
1349 1132 1713 1192 Aeschinum
1766 1133 2136 1190 meretricem
2188 1151 2281 1189 ra·
2399 1129 2404 1133 ’

250 1223 471 1298 puisse,
532 1241 666 1281 cum
718 1224 929 1298 utique
985 1224 1255 1298 rapuerit
1299 1222 1492 1281 fratri.
1560 1221 1762 1296 opinio
1809 1224 1915 1295 est,
1962 1220 2120 1296 quod
2168 1220 2284 1279 sibi

249 1310 450 1387 potius
495 1311 779 1386 rapuerit.
828 1311 1118 1371 deliberat
1174 1310 1317 1386 quid
1372 1315 1533 1388 agat,
1591 1309 1749 1386 quod
1805 1312 1979 1368 tanta
2026 1308 2282 1385 suspicio

251 1400 322 1460 de
378 1420 440 1460 se
495 1399 791 1475 inciderit,
837 1400 999 1476 quod
1046 1399 1318 1459 Sostrata
1374 1400 1608 1474 puellae
1665 1400 1857 1458 mater
1911 1399 2116 1458 credat
2170 1398 2284 1458 sibi

250 1492 519 1566 rapuisse
565 1489 927 1549 Aeschinum
972 1489 1361 1564 meretricem,
1407 1489 1518 1548 hoc
1561 1488 1722 1564 quod
1759 1488 2021 1547 audierit
2056 1508 2125 1545 ex
2165 1507 2283 1546 anu
2313 1514 2371 1553 10·

74 1584 208 1642 624
253 1579 528 1655 quadam.
570 1611 653 1619 —
712 1571 800 1638 16
847 1598 926 1637 NE
983 1596 1133 1644 Qvn)
1187 1597 1270 1637 nn
1325 1598 1566 1637 FRATRE
1624 1595 1952 1638 GARRVLAE
2008 1595 2137 1636 mm
2190 1596 2283 1636 m-

255 1687 460 1728 onnau
505 1668 772 1727 continui
817 1688 929 1742 me,
973 1687 1048 1726 ne
1096 1667 1327 1743 aliquid
1374 1667 1629 1728 dicerem
1675 1666 1747 1726 de
1793 1669 1980 1726 fratre
2026 1667 2121 1725 illi
2157 1686 2281 1725 mu-

251 1758 387 1816 lieri
424 1758 716 1834 garrulae,
752 1757 864 1816 hoc
900 1759 992 1816 est
1027 1757 1313 1816 uerbosae
1352 1760 1413 1815 et
1447 1757 1700 1832 loquaci.
1746 1776 1904 1817 nunc
1933 1756 2283 1815 deliberatio

76 1849 215 1910 625
252 1847 385 1923 ipsa
421 1849 776 1923 supponitur
818 1839 902 1905 17
943 1864 1106 1907 NVNC
1147 1864 1297 1913 Qvn)
1334 1864 1568 1905 mcum
1604 1864 1802 1905 DICAM
1838 1863 2097 1923 FRA'rms
2136 1863 2283 1904 Essa

252 1954 436 1997 HANG.
484 1935 585 1995 sed
621 1954 740 1995 non
778 1940 1015 2012 oportet
1051 1936 1324 2011 indicari,
1361 1955 1435 2000 ne
1470 1935 1580 1995 fiat
1614 1936 1842 2011 palam:
1887 1954 2061 2014 mage
2100 1935 2282 1994 celari
2314 1960 2371 2000 15

251 2028 444 2103 possit
485 2026 753 2086 fortasse.
824 2027 977 2085 illud
1031 2029 1253 2101 metuo,
1307 2045 1385 2084 an
1441 2026 1687 2085 credant
1744 2026 1903 2101 quod
1958 2027 2135 2083 fratri
2188 2045 2282 2082 ra-

253 2118 376 2193 pui,
425 2118 643 2192 quippe
683 2133 814 2174 cum
854 2120 1089 2193 egomet
1122 2118 1447 2192 rapuerim,
1486 2134 1594 2194 ego
1633 2118 1947 2193 argentum
1984 2115 2285 2187 soluerim,

254 2205 331 2263 ad
376 2224 471 2263 me
519 2204 775 2263 abducta
821 2205 1061 2265 domum
1107 2206 1204 2265 sit.
1264 2206 1490 2281 reperit
1534 2205 1865 2278 consilium,
1902 2207 1972 2262 ut
2018 2204 2094 2262 ad
2146 2204 2291 2263 illas

253 2297 466 2372 pergat
513 2297 573 2353 et
618 2313 679 2353 se
725 2298 957 2372 purget.

1247 2512 1302 2567 5.

85 2635 213 2694 635
436 2624 472 2690 l
525 2651 631 2691 rrA
677 2652 756 2692 v'r
803 2651 936 2692 mxx
983 2651 1299 2693 sos'rRATA
1347 2649 1573 2692 FAcrro
1601 2682 1606 2688 .
1631 2632 1777 2692 haec
1823 2650 2037 2690 scaena
2081 2650 2285 2690 narra·
2315 2656 2374 2695 20

254 2722 481 2781 tionem
516 2725 684 2781 tenet
718 2718 839 2799 (a)
875 2727 1047 2798 patre
1084 2724 1420 2781 inuentam:
1466 2741 1606 2781 nam
1645 2740 1777 2780 cum
1812 2723 2114 2798 ingressus
2151 2740 2284 2797 pro·

256 2811 517 2871 misisset
561 2812 906 2871 mulieribus
945 2831 1006 2870 se
1044 2815 1316 2872 acturum
1355 2830 1498 2886 esse,
1535 2813 1604 2869 ut
1638 2811 1970 2870 Aeschinus
2006 2811 2284 2869 uitiatam

257 2900 438 2959 ducat
482 2919 742 2975 uxorem,
789 2901 1090 2979 egreditur
1134 2904 1307 2977 pater
1364 2904 1425 2960 et
1477 2901 1608 2960 uiso
1655 2899 1780 2958 filio
1830 2919 2087 2958 errorem
2131 2899 2288 2957 hunc

258 2989 576 3065 componit,
625 2990 783 3065 quod
830 3010 866 3049 a
912 2993 1108 3050 nescio
1156 3009 1273 3066 quo
1333 2990 1623 3048 adductus
1681 2989 1761 3048 sit
1807 2989 2151 3063 aduocatus,
2196 2991 2288 3046 uti

437 3181 468 3228 2
507 3192 672 3245 posse
710 3198 746 3231 α
775 3179 853 3247 114
891 3139 1251 3261 deliberatioj
1288 3180 1354 3232 in
1394 3178 1446 3233 G
1480 3196 1627 3234 nova
1661 3195 1862 3232 scaena
1897 3193 2011 3231 non
2047 3177 2246 3244 incipit
2271 3178 2294 3244 ss

258 3253 288 3300 6
328 3248 599 3318 cognouit
638 3249 689 3304 G
721 3251 729 3318 Ι
762 3249 1021 3321 eschinus
1054 3271 1092 3304 α
1119 3253 1138 3319 ΙΙ
1166 3254 1199 3302 8
1239 3248 1519 3304 deliberat
1546 3249 1784 3322 (enim)
1813 3270 1851 3303 α
1880 3250 1898 3317 ΙΙ
1926 3255 1957 3302 9
1995 3248 2295 3301 incesserit

260 3320 313 3375 G
339 3321 357 3388 ΙΙ
389 3324 455 3373 14
491 3320 713 3402 moun]
753 3338 918 3390 agam
948 3324 1068 3391 (aut
1094 3337 1264 3389 agam
1299 3322 1374 3390 V)
1400 3329 1525 3389 post
1551 3340 1719 3375 mom
1747 3341 1802 3385 α,
1840 3327 1966 3375 ante
1993 3338 2161 3373 mom
2192 3320 2244 3372 G
2271 3323 2293 3388 fl}

259 3397 323 3445 16
360 3391 557 3460 rapuit
583 3392 734 3460 P¹V,
765 3393 936 3447 -uerit
966 3393 1017 3448 G
1045 3402 1061 3453 ιι
1094 3398 1157 3445 17
1190 3392 1466 3448 soluerem
1494 3414 1550 3459 α,
1575 3393 1678 3446 -rit
1708 3392 1760 3446 G
1787 3394 1805 3461 ΙΙ
1837 3396 1902 3444 18
1931 3392 2179 3445 adducta
2208 3411 2244 3443 α
2278 3393 2283 3462 l

255 3464 341 3517 est
388 3463 616 3516 domum
658 3464 710 3519 G
762 3466 780 3534 ΙΙ
834 3469 901 3518 20
940 3463 1084 3517 dixti
1121 3485 1159 3518 α
1213 3467 1231 3533 ΙΙ
1287 3470 1353 3518 21
1404 3482 1438 3518 a
1483 3468 1645 3533 patre
1682 3464 1974 3518 inuentam
2011 3463 2095 3517 W
2135 3463 2293 3532 (duce

256 3535 494 3604 Schop..)
532 3537 752 3604 patrem
787 3535 1079 3589 inuentum
1112 3537 1270 3591 codd.
1319 3539 1337 3605 Ι]
1394 3542 1460 3590 22
1498 3538 1565 3590 ut
1600 3552 1700 3590 om
1732 3556 1769 3589 α
1805 3538 1824 3605 n
1866 3539 1933 3588 24
1971 3552 2004 3588 a
2042 3535 2290 3604 quodam

255 3607 379 3675 (om.
406 3607 616 3675 nescio)
657 3607 709 3662 G
