2661 3940
124 86 135 155 1

120 168 129 245 Ι
347 252 379 312 ἓ
423 252 473 300 3.
530 244 630 298 DE
669 243 992 299 CODICVM
1028 242 1253 297 INTER
1293 243 1377 298 SE
1414 244 1858 300 RATIONIBVS
1897 248 2001 301 etc.
2089 246 2247 300 XVII

382 414 636 473 Maioris
670 413 958 472 momenti
997 414 1121 471 alia
1155 431 1249 473 res
1290 416 1395 474 est.
1427 414 1665 472 Etenim
1712 415 1764 473 si
1803 416 1934 490 quis
1974 434 2126 491 quae
2166 416 2240 475 de

198 504 494 562 librorum
525 504 655 562 Vet
671 503 958 560 Pnatura
986 505 1047 561 et
1065 502 1275 561 habitu
1304 521 1490 579 supra
1517 505 1762 578 exposui
1783 505 2241 581 comparaverit,

197 594 251 653 is
310 593 526 669 opinor
581 593 788 650 statim
834 592 1268 651 animadvertet
1315 593 1678 669 singularem
1734 593 2036 669 quandam
2081 593 2242 653 inter

197 685 525 757 utrumque
561 680 925 740 intercedere
960 682 1281 740 rationem:
1319 700 1459 740 nam
1495 701 1615 741 non
1653 683 1843 742 solum
1890 702 1962 742 ea
2000 703 2150 759 quae
2187 686 2249 742 P

200 771 444 829 exhibet
480 771 629 830 satis
668 774 943 829 accurate
981 771 1343 846 respondent
1393 772 1477 831 eis
1527 792 1676 846 quae
1721 774 1901 831 tertio
1939 776 1999 831 et
2027 773 2240 849 quinto

102 912 105 927 ,
199 860 421 919 codicis
487 860 541 917 V
592 859 1081 936 quaternionibus
1133 861 1736 936 comprehenduntur,
1791 881 1997 920 verum
2053 865 2237 921 etiam

197 950 475 1025 Hecyrae
514 948 1022 1024 etAdelphorum
1050 953 1384 1009 commenta
1422 952 1475 1009 si
1510 970 1629 1009 non
1667 951 1915 1010 eandem
1953 954 2017 1009 at
2054 952 2238 1010 simil·

196 1039 409 1098 limam
464 1042 623 1098 certe
675 1038 900 1098 ordinis
938 1039 1447 1114 perturbationem
1500 1058 1677 1116 passa
1723 1043 1877 1099 sunt.
1951 1040 2082 1099 Hoc
2119 1060 2240 1101 non

196 1130 287 1187 ita
333 1146 512 1204 posse
559 1128 873 1203 explicari,
919 1130 989 1186 ut
1031 1129 1090 1186 P
1129 1147 1200 1186 ex
1239 1129 1296 1187 V
1334 1128 1694 1205 descriptum
1735 1147 2067 1204 sumamus,
2113 1131 2151 1188 l.
2187 1149 2234 1188 c.

198 1240 252 1294 p.
287 1219 419 1276 343
471 1219 841 1294 argumentis
888 1217 1035 1276 satis
1080 1217 1309 1277 idoneis
1361 1217 1770 1294 comprobasse
1813 1218 1962 1276 mihi
2005 1219 2282 1295 videor3J

197 1326 459 1383 quorum
497 1309 985 1383 argumentorum
1023 1308 1240 1366 summi
1275 1309 1586 1371 momenti‘
1610 1310 1699 1367 est
1735 1306 1886 1366 illud
1902 1352 1918 1382 ,
1965 1307 2125 1383 quod
2170 1311 2240 1381 ing

195 1397 253 1454 P
282 1395 622 1472 particulae
661 1396 979 1454 commenti
1016 1396 1283 1456 diversae
1320 1397 1566 1474 originis
1614 1415 1650 1454 a
1687 1396 1936 1456 diversis
1973 1397 2237 1477 librariis

196 1484 604 1561 transcriptae
643 1488 797 1559 sunt,
836 1504 970 1544 cum
1005 1487 1069 1543 in
1119 1486 1172 1545 V
1205 1505 1298 1546 res
1335 1505 1455 1545 non
1490 1487 1635 1544 item
1674 1505 1736 1545 se
1781 1485 2016 1546 habeat.
2089 1482 2234 1544 Inde

197 1577 263 1633 111
299 1574 488 1633 fallor
526 1576 775 1650 apparet
794 1574 1238 1650 dispositionem
1263 1576 1589 1634 communis
1610 1575 1917 1652 archetypi
1937 1579 2236 1635 servatam

198 1683 327 1723 esse
384 1665 448 1721 et
494 1663 568 1722 ab
617 1665 702 1722 eis
751 1665 855 1739 qui
902 1663 1162 1722 codicem
1207 1664 1265 1721 P
1303 1664 1741 1741 descripserunt
1787 1669 1847 1724 et
1893 1666 1966 1724 ab
2016 1684 2083 1724 eo
2133 1666 2235 1742 qui

197 1771 574 1812 communem
603 1753 828 1812 fontem
856 1753 1145 1812 librorum
1185 1754 1242 1812 V
1272 1757 1333 1812 et
1359 1754 1406 1812 S
1440 1755 1695 1813 confecit
1730 1773 1839 1814 nec
1875 1774 1996 1813 non
2033 1755 2109 1813 ab
2147 1774 2235 1829 eO,

197 1844 306 1918 qui
355 1840 496 1900 inde
549 1841 811 1900 codicem
874 1842 929 1900 V
971 1843 1374 1918 transcripsit3
1431 1843 1766 1903 accuratius
1818 1848 2020 1902 autem
2070 1844 2236 1903 illius

194 1931 518 2008 archetypi
562 1931 816 1990 formam
868 1933 1170 1991 externam
1207 1931 1504 1991 redditam
1550 1952 1674 1993 esse
1722 1952 1759 1991 a
1797 1933 2059 1993 librariis
2107 1934 2233 1993 cod.

84 2005 89 2022 ¹
190 2023 261 2097 P,
305 2022 414 2096 qui
445 2022 801 2098 archetypus
839 2023 964 2081 sive
1000 2022 1206 2079 laxata
1233 2023 1513 2081 foliorum
1542 2024 1890 2100 compagine
1928 2023 2052 2082 sive
2089 2042 2235 2082 non-

192 2112 343 2169 dum
392 2110 820 2188 conglutinatis
875 2111 1037 2169 foliis
1083 2112 1149 2168 in
1192 2112 1465 2187 Hecyrae
1518 2115 1577 2170 et
1621 2111 2032 2187 Adelphorum
2078 2130 2234 2172 com·

189 2202 420 2259 mentis
451 2217 808 2276 magnopere
847 2204 975 2259 erat
1007 2200 1408 2275 perturbatus.
1484 2202 1658 2271 Quod
1694 2220 1835 2260 vero
1874 2202 2054 2277 paulo
2094 2205 2232 2261 ante

189 2290 325 2348 dixi
354 2293 775 2363 commentum,
809 2289 984 2365 quale
1013 2289 1339 2365 praebebat
1373 2290 1477 2348 ille
1505 2292 1863 2349 recensionis
1902 2314 1940 2348 α
1976 2310 2235 2350 commu·

188 2379 286 2438 nis
321 2376 702 2454 archetypus,
731 2381 1126 2455 compositum
1155 2398 1280 2438 esse
1309 2400 1378 2438 ex
1397 2380 1710 2456 particulis
1737 2380 1941 2438 variae
1970 2382 2237 2457 originiS‚

185 2469 308 2528 hoc
365 2470 460 2526 ita
516 2468 696 2526 velim
742 2467 1074 2545 intellegaS,
1110 2487 1263 2530 ,eam
1318 2488 1499 2544 quam
1557 2492 1595 2526 α
1644 2469 1849 2528 littera
1902 2469 2237 2546 significavi

186 2558 605 2617 recensionem
651 2576 770 2615 non
815 2577 922 2633 per
964 2561 1160 2616 totum
1207 2562 1604 2617 commentum
1642 2560 1949 2634 propriam
1988 2561 2236 2632 exstare,

187 2647 300 2706 sed
330 2647 431 2704 hic
458 2645 585 2705 illic
610 2648 852 2705 tantum
888 2664 1243 2721 comparere,
1281 2666 1415 2705 cum
1446 2647 1712 2723 reliquae
1748 2650 1951 2722 partes
1989 2648 2236 2706 eandem

189 2737 514 2795 contextus
559 2735 814 2794 formam
861 2735 1188 2810 praebeant
1234 2740 1413 2811 atque
1471 2737 1701 2796 codices
1750 2737 1994 2796 alterius
2039 2753 2237 2795 recen-

189 2827 387 2885 sionis
426 2824 481 2901 β.
560 2824 724 2894 Quae
757 2842 849 2883 res
880 2824 1106 2883 duobus
1134 2824 1326 2885 modis
1356 2827 1641 2901 explicari
1667 2829 1892 2901 potest:
1933 2829 2041 2884 aut
2078 2828 2250 2914 enim,

187 2917 245 2973 is
302 2914 410 3015 qui
457 2913 766 2990 Eugraphi
814 2916 1208 2972 commentum
1262 2914 1707 2974 retractandum
1764 2914 1876 2974 sibi
1922 2889 2239 3002 propoyjffit

196 3023 325 3062 non
361 3005 429 3061 in
468 3021 668 3062 omnes
707 3002 1039 3078 aequaliter
1083 3005 1284 3079 partes
1332 3021 1574 3078 operam
1612 3006 1894 3079 contulit,
1939 3008 2008 3063 ut
2037 3004 2238 3084 multa

192 3095 435 3151 intacta
462 3091 791 3168 reliquerit,
821 3095 927 3151 aut
952 3093 1291 3169 fragmenta
1320 3093 1552 3168 aliquot
1578 3094 1888 3154 retractati
1917 3089 2238 3151 commenti

193 3183 261 3240 in
293 3182 590 3239 auxilium
617 3183 828 3240 vocato
858 3181 1060 3257 aliquo
1091 3180 1289 3239 codice
1317 3182 1588 3261 integrae
1616 3184 1935 3242 memoriae
1972 3199 2009 3242 a
2038 3183 2237 3241 nescio‘

194 3290 321 3347 quo
360 3270 642 3346 suppleta
680 3272 835 3346 sunt,
879 3272 943 3328 id
983 3270 1141 3345 quod
1179 3272 1585 3347 compluribus
1633 3273 1704 3331 de
1742 3272 1936 3330 causis
1983 3274 2111 3331 veri
2148 3276 2239 3332 est
2345 3265 2393 3326 ’ἃ

195 3360 481 3420 similius.
542 3359 670 3429 Quo
697 3360 920 3418 factum
953 3363 1060 3433 est,
1089 3363 1157 3418 ut
1177 3361 1533 3437 archetypus
1561 3362 1666 3421 ille
1684 3360 1975 3419 librorum
2005 3362 2064 3419 B
2077 3360 2184 3420 VS
2187 3362 2245 3419 P

191 3469 321 3509 non
359 3467 588 3507 meram
626 3450 1028 3508 recensionem
1067 3472 1105 3507 oc
1144 3449 1462 3525 exhiberet,
1510 3451 1610 3511 sed
1649 3451 1819 3509 illam
1858 3451 2237 3509 coniunctam

191 3558 337 3598 cum
363 3539 708 3598 recensione
745 3537 810 3615 β,
848 3557 967 3613 qua
996 3538 1068 3595 de
1098 3556 1277 3597 causa
1313 3540 1379 3596 in
1408 3540 1811 3614 disputatione
1840 3557 1973 3597 mea
2001 3539 2236 3612 saepius

190 3629 391 3689 citata
450 3628 751 3703 exemplar
804 3626 958 3685 illud
1013 3626 1085 3685 de
1143 3646 1259 3702 quo
1317 3627 1519 3704 agitur
1574 3627 1723 3704 siglo
1777 3650 1815 3684 α
1838 3630 1902 3697 -1-
1922 3626 1961 3702 β
2012 3627 2233 3683 notavi.

305 3746 486 3785 Donati
513 3755 673 3784 comm.
693 3755 780 3784 rec.
801 3744 1082 3785 Wessner.
1120 3745 1197 3783 111
1228 3749 1264 3784 1.
1877 3723 1914 3775 b
